2062 3127
884 109 1178 160 *20-

227 243 451 307 8,11,12,
480 251 545 293 15.
613 250 1004 294 Nee-neve-et.
1035 263 1114 307 pro
1149 248 1575 305 „ne-neve·neve.“

225 324 264 376 8,
288 324 354 365 13.
389 323 487 365 Non
520 322 695 365 videam
729 338 783 357 -π
818 336 871 364 ne
904 322 1094 365 videam.

225 395 264 449 8,
289 396 341 437 13
375 408 439 449 sq.
488 395 585 438 Non
626 394 800 439 videam
844 396 1001 438 tales
1048 395 1277 438 subsidere
1326 402 1531 439 ventos
1585 410 1697 439 eum
1744 396 1822 440 tibi

404 467 624 523 profectas
659 467 826 510 auferet
849 467 966 510 unda
1001 473 1116 509 rates
1142 468 1165 509 i.
1194 483 1231 509 0.
1257 469 1292 509 si
1327 469 1439 509 tales
1464 474 1632 523 ventos,
1668 470 1820 523 quales

407 540 648 595 spirabunt,
684 553 779 582 eum
814 544 892 582 ete.
1693 542 1695 544 ’

227 613 266 667 8,
288 614 356 654 22.
408 610 520 663 Quin
554 627 610 647 =
644 617 689 655 ut
722 625 820 656 non.

226 685 264 726 8.
287 685 354 726 22.
406 684 501 726 Tuo
526 684 672 727 limine
695 702 750 722 -ε
776 691 876 728 ante
894 686 1076 743 januam
1109 686 1264 729 (lomus
1287 691 1401 741 tuae,
1427 691 1526 729 ante
1551 684 1686 728 aedes
1709 690 1821 729 tuas.

227 758 266 812 8,
288 758 356 799 22.
407 757 540 800 Vita.
575 756 686 800 Vide
718 758 750 800 l.
789 760 827 814 2,
858 761 892 801 1.

225 831 263 871 8.
287 831 355 871 24.
407 830 560 884 Dicite,
596 843 681 883 quo
707 864 714 872 .
742 863 750 871 .
777 864 785 872 .
813 836 889 872 est.
914 832 990 872 ‘In
1016 831 1356 884 interrogatione
1390 831 1567 886 obliqua
1599 836 1730 887 poeta
1762 830 1824 873 in-

408 901 642 944 dicativum
678 901 853 945 niodum
888 903 1009 959 ponit
1043 900 1125 957 (sie
1159 904 1213 945 11.
1250 904 1363 958 9,28.
1396 904 1545 955 3255.
1611 903 1688 946 III.
1726 905 1822 958 1,5.

408 975 479 1016 IV.
517 975 555 1027 3,
584 975 653 1014 23.
690 974 773 1027 Β.).
1524 972 1527 974 ’

227 1050 266 1103 8,
287 1049 355 1090 23.
406 1046 587 1089 Deficiet
646 1047 849 1102 rogitare.
928 1048 1114 1090 Verbum
1173 1044 1414 1103 „defieere“
1471 1061 1565 1096 eum
1614 1046 1824 1090 infinitivo

407 1120 678 1162 construitur
710 1124 755 1161 ut-
789 1118 947 1162 deesse
982 1121 1012 1162 Ι.
1054 1122 1119 1175 16,
1146 1121 1181 1161 7.

228 1196 265 1249 8,
284 1187 357 1236 26.
408 1193 625 1235 Futura
658 1197 841 1235 meast
910 1192 1169 1248 Coniugatio
1193 1192 1512 1249 periphrastiea
1535 1192 1678 1236 activa
1708 1191 1825 1250 apud

411 1265 685 1320 Propertium
720 1265 877 1318 legitur
910 1265 1225 1318 quaterdecies,
1273 1266 1315 1307 in
1359 1265 1497 1320 primo
1532 1265 1641 1307 libro
1674 1270 1827 1319 quater

408 1334 458 1383 (l.
496 1338 535 1392 8,
560 1338 643 1391 26;
683 1336 749 1391 13,
771 1337 851 1391 33;
890 1337 957 1391 17,
981 1338 1028 1391 3;
1068 1337 1134 1392 19,
1158 1338 1218 1391 8.)

227 1410 312 1465 8b.,
335 1410 402 1452 29.
440 1409 580 1453 Falsa
613 1410 713 1452 lieet
746 1408 820 1451 efr.
855 1409 933 1451 ΙΙΙ.
970 1410 1039 1465 32,
1061 1409 1130 1451 72.

228 1483 266 1536 8,
288 1483 357 1524 31.
408 1482 508 1524 Illi
542 1495 673 1525 carus
707 1496 789 1535 ego
832 1481 911 1535 (se.
948 1481 1087 1537 dicor)
1133 1487 1174 1524 et
1206 1496 1284 1537 per
1326 1496 1394 1525 me.
1428 1482 1655 1524 carissima
1687 1482 1827 1524 Roma

410 1552 579 1595 dieitur.

227 1626 265 1679 8,
287 1626 357 1667 33.
407 1626 676 1679 Angusto
711 1625 983 1679 requiescere
1018 1626 1191 1668 leeto.
1258 1625 1335 1667 Est
1369 1624 1588 1667 ablativus
1621 1625 1717 1668 loei.

227 1698 265 1743 8,
287 1698 355 1739 33.
410 1697 492 1739 Illa
526 1709 692 1739 meeum
723 1698 996 1751 requiescere
1022 1731 1029 1739 .
1058 1731 1063 1738 .
1093 1730 1101 1738 .
1128 1704 1168 1738 et
1202 1697 1352 1739 maluit
1385 1710 1517 1738 esse
1539 1710 1650 1750 mea,
1685 1696 1824 1747 Quam

410 1770 495 1813 sibi
529 1783 711 1825 regnum
748 1784 806 1813 se.
843 1783 954 1813 esse.

226 1843 264 1896 8,
291 1842 360 1884 37.
413 1841 622 1893 Quamvis
646 1855 811 1897 magna
830 1841 967 1897 daret,
993 1842 1191 1897 quamvis
1210 1842 1379 1884 maiora
1398 1841 1578 1884 daturus
1603 1855 1661 1884 se.
1694 1848 1822 1884 esset.

225 1916 264 1967 8,
286 1916 353 1956 38.
406 1915 530 1956 Meos
566 1914 686 1957 sinus
721 1929 779 1956 se.
817 1915 1046 1969 Propertii.
1130 1915 1222 1956 Hoe
1266 1914 1423 1969 plurali
1471 1914 1589 1957 notio
1623 1914 1823 1966 nominis,

406 1985 522 2040 quod
560 1984 618 2028 ad
652 1985 849 2028 intimam
874 1985 1214 2028 familiaritatem
1242 1990 1282 2027 et
1304 1998 1495 2027 amorem
1519 1991 1560 2028 et
1583 1986 1824 2028 convictum

409 2058 606 2112 refertur,
644 2058 944 2118 amplificatur.

226 2129 354 2183 8,41.
406 2128 514 2172 Sunt
563 2129 719 2172 Musae
768 2142 908 2184 neque
958 2130 1120 2172 amanti
1170 2129 1322 2172 tardus
1357 2128 1515 2184 Apollo
1565 2129 1590 2170 i.
1640 2142 1676 2171 e.
1728 2134 1826 2172 sunt

406 2202 560 2244 Musae
612 2209 652 2244 et
705 2203 863 2257 Apollo
914 2202 1076 2244 amanti
1127 2216 1210 2244 non
1272 2201 1437 2256 tardus,
1487 2201 1582 2255 quis
1630 2198 1825 2255 (quibus)

406 2274 541 2317 fretus
576 2289 688 2317 amo.

226 2348 265 2399 8,
285 2348 355 2388 43.
412 2347 521 2398 Quis
557 2362 611 2382 =
649 2348 806 2401 quibus
851 2344 923 2400 (fef.
962 2349 1028 2387 111.
1069 2345 1234 2401 34,88.’)
1283 2347 1377 2389 Hae
1410 2346 1550 2389 forma
1580 2360 1685 2390 usus
1729 2360 1828 2390 esse

407 2419 578 2461 videtur
614 2424 748 2475 poeta.
780 2420 902 2462 metri
938 2419 1200 2461 necessitate
1235 2418 1448 2461 adductus
1529 2417 1595 2460 Ex
1621 2417 1826 2461 Varronis

409 2496 554 2533 aetate
576 2488 719 2546 (apud
744 2492 1013 2545 Sallustium,
1048 2491 1232 2545 Livium,
1268 2490 1479 2545 Tacitum,
1513 2490 1556 2532 in
1590 2489 1684 2532 eod.
1711 2489 1825 2533 Med.

409 2562 495 2604 Cie.
532 2575 598 2617 ep.
643 2562 701 2604 ad
738 2563 839 2606 fam.
884 2565 949 2615 11,
975 2564 1042 2616 16,
1064 2563 1089 2604 3
1136 2562 1274 2604 forma
1312 2558 1464 2617 „quis“
1498 2575 1578 2617 pro
1615 2558 1826 2617 „quibus“

409 2634 596 2689 ponitur.
1032 2688 1035 2690 -
1363 2649 1366 2651 ·

224 2708 262 2761 8,
283 2708 353 2750 46.
404 2706 528 2749 Norit
561 2705 706 2761 gloria
741 2719 883 2748 meam
920 2705 1122 2748 canitiem
1158 2705 1182 2747 i.
1219 2719 1254 2748 e.
1290 2705 1431 2759 gloria
1476 2704 1648 2748 durabit
1694 2718 1828 2760 usque

406 2778 464 2821 ad
497 2792 638 2820 meam
690 2784 977 2820 senectutem.
1045 2778 1237 2820 Canities
1282 2778 1498 2831 signifieat
1539 2777 1828 2833 metonymice

404 2851 546 2907 ipsam
581 2855 861 2893 seneetutem.
930 2850 1033 2893 Hor.
1070 2849 1151 2892 od.
1192 2851 1233 2905 2,
1263 2851 1328 2905 11,
1355 2850 1406 2904 73
1446 2851 1481 2905 l,
1506 2851 1546 2905 9,
1574 2850 1640 2892 17.
