2062 3127
907 88 1201 139 ...9,2,Β

431 229 626 285 fecimus,
660 235 897 273 retractare
930 230 1121 272 solemus
1170 231 1329 285 animo,
1379 235 1421 273 et
1467 230 1618 274 incerti
1661 243 1767 287 ,mox
1786 215 2011 285 iugssssjff‘g

433 301 516 345 hoc
547 316 650 345 mox
682 301 726 345 in
758 301 832 345 illo
866 314 1025 345 causas
1060 301 1153 358 spei
1186 301 1421 346 frustratae
1453 301 1714 358 quaerimus,
1913 289 1961 306 Π
1980 298 2000 303 ”
2030 297 2032 299 ’

251 374 317 429 17,
348 376 385 417 1.
436 374 624 428 Fugisse
656 374 791 430 potui.
857 373 921 416 Cf.
957 376 989 416 l.
1030 376 1066 416 l.
1105 376 1172 417 15.
1994 422 2005 434 ,-

250 447 315 502 17,
336 448 376 490 3.
427 446 665 490 Occurrunt
687 459 758 503 ap.
783 447 910 504 Prop.
937 447 1171 491 visurus
1204 447 1339 491 semel
1363 444 1415 502 ('.
1444 447 1511 503 17,
1537 446 1595 502 3),
1628 446 1844 490 circum
1893 486 1895 488 .
1920 436 1981 498 032²

425 517 599 560 datus
632 522 785 572 quater
818 516 870 572 (Ι.
913 520 976 575 17,
1005 521 1055 562 17
1136 520 1190 561 II.
1232 522 1268 574 1,
1294 521 1363 562 33.
1429 520 1508 562 ΙΙΙ.
1542 520 1613 573 30,
1639 520 1708 562 59.
1764 519 1837 562 1V.
1901 531 1906 537 ·
1934 512 1937 514 “

429 591 496 645 13,
523 589 610 645 29),
659 594 828 632 natus
877 592 1042 647 septies
1092 591 1238 635 decies
1283 589 1334 646 (Ι.
1375 592 1439 646 17,
1466 592 1536 634 25.
1602 592 1655 634 1'.
1693 590 1842 646 7,133
1935 634 1938 636 ,

424 662 558 717 9,17.
626 662 879 718 111.15,4;
924 665 993 719 20,
1025 667 1059 707 1.
1125 664 1195 707 IV.
1236 665 1380 720 1,10;
1434 666 1499 720 14,
1527 665 1612 719 353
1666 665 1733 719 14,
1759 663 1839 717 363
1887 706 1889 708 .

429 735 604 790 18,18;
640 736 804 791 22,32.
855 727 904 779 V.
946 739 979 792 1,
1006 738 1086 791 353
1126 738 1266 792 1,43.;
1307 739 1341 793 1,
1368 737 1448 792 893
1486 738 1629 793 1,90;
1667 736 1837 791 11,59;

432 808 826 864 11‚67311,·73).
1981 863 1983 865 Ι

245 881 313 935 17,
334 881 373 924 6.
424 880 635 936 Aspice
669 894 831 935 quam
865 882 1145 939 increpat.
1212 882 1392 937 Legitur
1424 882 1468 925 in
1501 881 1678 936 obliqua
1710 880 1838 924 inter·
1989 879 1993 882 ’

424 953 654 1008 rogatione
701 952 857 997 modus
900 955 1176 998 indicativus.
1257 955 1579 997 Baehrens:
1624 944 1836 1009 Increp'et,
1921 996 1926 1009 ,

422 1025 538 1079 quod
571 1026 704 1068 habet
736 1025 876 1068 codex
908 1028 1240 1070 Dauentriensis
1275 1032 1317 1068 et
1343 1040 1377 1068 c.
1452 1025 1747 1069 ottoboniano
1780 1049 1838 1054 —

428 1097 680 1141 Vaticanus.
735 1122 793 1127 —
848 1098 1047 1155 Increpat
1093 1099 1235 1142 minas
1281 1098 1307 1141 i.
1355 1111 1391 1140 e.
1448 1110 1608 1153 magno
1655 1095 1837 1152 strepitu
1914 1091 1916 1094 ’

425 1176 580 1212 ventus
613 1170 813 1212 minatur.
880 1170 966 1213 Cfr.
1002 1171 1077 1214 Sil.
1113 1174 1151 1225 5,
1180 1172 1276 1215 188.
1341 1171 1459 1224 Virg.
1496 1171 1546 1212 A.
1581 1171 1622 1223 9,
1646 1170 1746 1211 503.

245 1256 313 1311 17,
340 1256 363 1298 7
390 1261 430 1298 et
456 1256 495 1299 8.
530 1255 661 1299 Nulla
699 1268 752 1297 ne
787 1289 795 1297 .
833 1288 841 1297 .
878 1289 886 1297 .
921 1253 1115 1298 haecine.
1182 1254 1293 1298 Vide
1328 1250 1465 1298 Wolff
1493 1252 1599 1298 diss.
1635 1267 1676 1310 p.
1708 1253 1760 1296 14
1793 1256 1835 1295 et
1960 1272 1990 1299 5v
2027 1295 2030 1297 .

428 1329 505 1380 163
538 1340 640 1381 pag.
677 1328 727 1368 21
767 1326 821 1368 de
855 1341 893 1368 v.
933 1328 980 1368 11
1020 1331 1061 1368 et
1100 1329 1164 1368 12.
1201 1326 1256 1368 dc
1289 1341 1329 1369 v.
1372 1328 1436 1369 15.
1470 1340 1574 1383 pag.
1614 1326 1683 1367 17.
1902 1337 1904 1339 ·

242 1412 309 1452 17.
332 1412 370 1453 7.
422 1412 631 1453 Placatae
679 1411 823 1453 veniet
870 1412 1103 1466 procellae.
1183 1412 1261 1453 Est
1308 1411 1485 1454 liberior
1533 1410 1672 1453 dativi
1715 1423 1832 1453 usus.

421 1483 577 1526 Venire
600 1483 732 1525 habet
755 1483 841 1525 vim
871 1483 992 1526 verbi
1018 1479 1298 1540 „accedere.“
1336 1482 1422 1525 Cfr.
1448 1481 1533 1523 Cic.
1561 1480 1733 1523 Caecin.
1763 1482 1832 1523 26.

240 1568 308 1622 17,
334 1568 400 1609 12.
422 1566 516 1609 Tuo
550 1571 698 1610 tenere
743 1567 852 1610 sinu.
920 1566 1005 1610 Cfr.
1040 1568 1197 1611 Tibull.
1233 1569 1264 1609 1.
1302 1569 1339 1622 1,
1366 1567 1436 1609 46.
1498 1565 1730 1608 Dominam
1774 1564 1834 1606 t'e—

419 1639 568 1681 nuisse
603 1639 712 1681 sinu.

240 1723 307 1778 17,
332 1724 385 1766 16
420 1722 690 1774 Quamvis
726 1723 835 1766 dura
868 1757 877 1765 .
914 1757 922 1766 .
959 1724 1080 1767 fuit.
1148 1725 1251 1768 Cum
1286 1725 1543 1781 praesertim
1586 1737 1673 1766 non
1716 1721 1858 1785 cogi-t

419 1801 512 1837 tata
545 1795 626 1838 sed
660 1802 778 1838 certa
827 1809 896 1838 res
930 1796 1212 1851 significat-ur,
1261 1802 1419 1853 poetae
1467 1811 1554 1839 non
1602 1796 1834 1839 abhorrent

420 1868 476 1911 ab
510 1867 748 1912 indicativo
785 1867 906 1925 apud
938 1873 1049 1925 part.
1084 1870 1296 1925 quamvis.
1354 1869 1439 1914 Cfr.
1474 1869 1604 1913 etiam
1636 1868 1835 1923 Draeger

419 1942 471 1984 ΙΙ.
506 1956 548 1998 p.
577 1943 674 1985 740.
727 1944 855 1998 Prop.
892 1940 1208 1998 „quamquam“
1245 1949 1427 1999 usurpat
1458 1942 1575 1985 nullo
1610 1942 1719 1997 loco,
1753 1939 1833 1983 sed

417 2014 575 2068 ubique
601 2012 855 2070 „quamvis“
882 2029 977 2059 cum
1000 2016 1287 2072 coniunctivo,
1322 2017 1416 2059 cuin
1447 2014 1683 2059 indicativo
1707 2014 1831 2057 metri

420 2087 682 2130 necessitate
716 2093 907 2131 coactus.

239 2171 303 2225 17,
333 2171 398 2213 18.
419 2171 522 2213 Hor.
549 2170 631 2214 Od.
671 2175 698 2214 l.
735 2175 773 2215 3.
816 2176 952 2227 1—-23
989 2177 1055 2229 12,
1092 2175 1281 2216 25—32.
1316 2199 1374 2203 --
1407 2171 1705 2229 Tyndaridas.
1755 2172 1834 2214 Est
1892 2208 1895 2210 .

415 2257 577 2299 graeca
621 2246 861 2289 accusativi
904 2247 1085 2303 pluralis
1130 2230 1344 2299 formatio,
1391 2260 1502 2301 quae
1548 2244 1668 2302 apud
1706 2246 1829 2301 Prop.

418 2317 565 2359 sexies
599 2318 823 2374 reperitur.
1278 2316 1286 2323 ‘
1392 2317 1444 2328 ““”

236 2402 302 2457 17,
328 2403 392 2444 19.
415 2402 701 2458 Sepelissent.
767 2405 887 2448 Hace
921 2406 1159 2449 contractio
1194 2406 1239 2448 iu
1273 2405 1418 2448 verbis
1452 2410 1651 2460 quartam
1684 2403 1827 2459 copiu-

414 2476 638 2529 gationem
672 2478 954 2532 sequentibus
989 2479 1217 2533 quinquies
1251 2493 1320 2534 ap.
1358 2479 1486 2534 Prop.
1524 2476 1708 2520 occurrit
1740 2473 1829 2530 (IV.

419 2549 556 2603 ],41;
595 2551 661 2605 12,
690 2552 759 2593 29..
827 2551 876 2594 V.
912 2552 953 2607 4,
980 2553 1060 2606 393
1099 2554 1165 2607 11,
1190 2549 1281 2607 41).

236 2634 304 2687 17,
328 2635 395 2676 22.
419 2634 588 2676 Ponere
620 2639 772 2677 tenera
804 2649 951 2679 rosa.
1016 2637 1186 2679 Nomen
1219 2637 1398 2691 plantae
1431 2635 1657 2678 collect-ivo
1700 2647 1831 2677 seusu

419 2721 497 2763 pro
531 2708 690 2763 plurali
723 2708 967 2753 adhibetur.
1024 2710 1153 2753 Rosis
1188 2711 1341 2753 mortni
1377 2711 1721 2767 spargebantur3
1755 2710 1829 2752 cfr.

415 2780 534 2835 Virg.
569 2782 620 2824 A.
658 2783 697 2837 6,
725 2783 823 2826 885.
1994 2839 1996 2846 .
2054 2840 2056 2842 .

415 2856 635 2899 Ponere
669 2870 833 2911 rosa3
869 2857 1065 2901 similiter
1098 2857 1256 2900 Tibull.
1281 2857 1308 2899 1.
1334 2860 1456 2912 1,61.
1492 2859 1686 2904 Positum
1705 2859 1829 2902 lecto.
1906 2858 1910 2860 ’
1986 2857 2062 2914 ”,
