2062 3127
838 66 1160 128 Ἰψω-

209 219 247 270 9,
269 220 337 259 32.
387 217 423 259 T
438 230 462 259 u
486 217 647 272 possis,
683 217 860 274 spiritus
885 219 998 262 iste
1020 218 1142 262 levis.
1206 219 1261 261 Is
1277 224 1293 262 t
1307 233 1330 262 e
1353 233 1592 275 pronomen
1614 219 1799 276 ponitur,

390 288 507 357 qued
556 289 614 332 ad
657 304 753 333 eum
798 291 997 346 pertinet,
1048 305 1231 346 quocum
1274 296 1406 347 poeta
1448 292 1647 347 loquitur.
1713 292 1800 335 Gfr.

393 360 573 415 Madvig
593 363 783 404 Gramm.
820 363 845 414 ἓ
863 364 963 405 486,
996 363 1207 418 Gossrau,
1231 364 1328 406 Lat.
1349 364 1545 419 Spraehl.
1590 366 1735 417 §38L
1761 367 1800 408 2.

843 504 999 560 Prop.
1033 503 1071 549 1.
1103 503 1175 550 10.

216 591 320 644 10,1
362 603 426 644 sq.
463 590 588 633 Cum
624 613 679 617 ——
724 590 791 632 ad
833 590 1065 633 fueram.
1131 590 1237 633 Cum
1279 592 1521 647 temporale
1563 597 1797 649 usurpatur

393 677 487 705 cum
538 662 774 705 indicativo
824 663 1251 718 plusquamperfecti.
1318 664 1533 720 Exempla
1574 664 1676 707 vide
1725 659 1796 721 ap.
1846 694 1857 728 ss

394 735 555 788 Draeg.
591 734 690 776 hist.
727 734 849 789 Synt.
885 735 939 776 ΙΙ.
975 749 1016 790 p.
1054 736 1152 776 536.

248 808 312 859 10,
335 809 359 848 2
394 806 561 849 Vestris
596 806 797 848 conscius
832 806 875 848 in
908 807 1110 849 lacrimis.
1148 807 1234 849 Cic.
1270 808 1356 849 Att.
1396 807 1522 861 1,18.
1590 807 1672 858 Qui
1695 807 1799 849 mihi
1840 831 1842 833 ·

391 884 434 921 et
465 879 509 921 in
542 879 767 934 republica
800 880 944 922 socius
980 880 1096 922 et-in
1131 880 1311 935 privatis
1354 879 1554 923 omnibus
1597 879 1797 922 conscius

488 987 494 994 .
531 965 631 995 esse
665 952 796 995 soles.

220 1028 283 1078 10,
306 1027 344 1065 3.
396 1023 698 1079 Supplendum
732 1030 798 1067 est
832 1025 1009 1066 verbum
1048 1022 1183 1079 „est.“

220 1100 283 1151 10,
304 1098 343 1138 4.
395 1095 608 1139 Vocanda
642 1110 701 1138 sc.
737 1102 816 1138 cst.

216 1170 341 1222 10,4.
393 1169 474 1210 Illa
508 1168 772 1210 vocanda
805 1183 864 1210 sc.
901 1182 999 1210 nox.
1048 1168 1284 1222 Gerundio,
1321 1168 1437 1223 quod
1471 1175 1535 1211 ter
1569 1169 1726 1222 legitur
1759 1169 1801 1210 in

393 1240 474 1282 hac
508 1254 594 1282 unav
627 1240 752 1296 primi
788 1241 883 1283 libri
929 1241 1084 1296 elegia,
1129 1242 1257 1298 Prop.
1305 1241 1592 1300 quinquagies
1639 1241 1802 1297 septies

395 1313 537 1355 utitur.
603 1312 775 1367 Ubique
819 1313 1009 1367 iungitur
1052 1312 1201 1356 dativo
1247 1326 1464 1369 personae
1508 1318 1682 1369 praeter
1724 1313 1801 1355 ΙΙΙ.

395 1387 464 1439 32,
501 1386 556 1427 50
591 1384 713 1437 (Luc.
748 1385 922 1439 Muell.3
956 1386 1010 1427 II.
1047 1386 1146 1440 341),
1174 1387 1242 1427 50.
1279 1383 1481 1441 Baehr.):
1518 1385 1703 1428 a¹nobis
1728 1384 1803 1427 do-

393 1458 584 1500 mandus
616 1458 715 1499 eris.

219 1536 283 1586 10,
305 1534 343 1574 5.
394 1533 617 1574 Ponuntur
651 1546 721 1587 ap.
757 1532 886 1587 Prop.
922 1532 1171 1573 moriens
1205 1531 1271 1573 bis
1306 1528 1357 1585 (Ι.
1397 1533 1462 1586 10,
1499 1533 1538 1573 5.
1582 1532 1631 1573 V.
1668 1531 1707 1572 3.
1743 1528 1802 1584 6),

396 1605 599 1647 labens
634 1604 861 1658 quinquies
895 1605 945 1657 (I.
975 1606 1040 1659 10,
1068 1605 1117 1657 73
1158 1605 1222 1659 17,
1249 1604 1329 1657 273
1365 1606 1433 1659 20,
1463 1606 1528 1646 19.
1564 1604 1641 1646 111.
1668 1605 1736 1657 21,
1762 1602 1836 1646 ΒΗ

397 1676 444 1718 V.
482 1678 519 1720 2.
557 1675 644 1730 53),
678 1675 958 1719 inritatus
995 1672 1146 1729 bis(1.
1189 1677 1253 1731 10,
1290 1673 1378 1731 25).

218 1752 283 1803 10,
305 1752 330 1792 5
365 1763 428 1804 sq.
465 1750 528 1791 Te
561 1748 894 1791 morientem
928 1748 1116 1791 vidimus
1150 1753 1192 1791 et
1226 1782 1234 1790 .
1272 1782 1280 1790 .
1317 1747 1538 1791 ducere.
1588 1745 1800 1804 „Videre“

328 1830 330 1832 '
395 1836 488 1864 cum
522 1821 753 1877 participio
783 1820 845 1862 rad
879 1834 1105 1876 personas,
1129 1818 1347 1876 >„videre“
1375 1834 1469 1863 cum
1502 1820 1712 1864 infinitivo
1746 1820 1803 1863 ad

394 1894 589 1936 actiones
624 1906 910 1948 personarum
945 1897 1126 1947 spectat.
1164 1892 1371 1935 Similiter
1404 1893 1578 1948 scripsit
1610 1892 1704 1934 Liv.
1732 1893 1801 1946 21,

394 1967 463 2020 23,
499 1965 585 2008 Cic.
622 1965 750 2008 Tusc.
788 1965 826 2019 5,
863 1965 932 2006 39.
1687 2015 1690 2018 Δ

215 2040 280 2093 10,
302 2040 341 2080 6.
392 2039 549 2092 Longa
583 2037 794 2079 ducere
827 2037 1006 2078 verba
1039 2049 1173 2078 mora.
1230 2037 1354 2077 Mart.
1394 2038 1460 2090 11,
1487 2037 1555 2077 39.
1606 2036 1805 2091 Suspiria

394 2111 563 2154 (lucere.
611 2111 739 2164 Vorg.
761 2112 811 2154 A.
837 2112 876 2164 4,
902 2111 1000 2152 463.
1038 2109 1217 2164 Longas
1242 2109 1283 2151 in
1307 2108 1451 2152 fletum
1476 2108 1634 2153 ducere
1657 2122 1801 2165 voces,

392 2183 431 2227 Ιι.
467 2197 503 2226 ο.
541 2182 684 2226 cdere.

217 2260 279 2311 10,
302 2258 339 2298 7.
391 2257 614 2298 Prcmerct
646 2256 747 2297 mihi
773 2269 951 2298 somnus
975 2256 1154 2297 ocellus.
1217 2255 1334 2310 Virg.
1360 2256 1410 2298 A.
1447 2258 1485 2310 9,
1511 2258 1550 2311 4,
1576 2257 1649 2298 86.
1683 2269 1803 2311 pres-

392 2328 484 2371 sive
509 2328 672 2370 oculos.
724 2326 868 2378 Quint.
905 2329 944 2381 6,
972 2328 1009 2369 2.
1046 2340 1221 2369 sensum
1246 2328 1465 2371 oculorum
1488 2328 1645 2385 premit
1668 2342 1802 2370 amor.

213 2404 277 2455 10,
299 2403 336 2442 8.
388 2398 639 2454 (Quamvis)
671 2399 827 2442 mediis
862 2400 984 2441 caelo
1008 2400 1134 2441 Luna
1161 2400 1338 2442 ruberet
1367 2401 1489 2455 equis
1522 2401 1548 2442 i.
1585 2414 1620 2442 e.
1657 2399 1802 2442 medio

392 2472 544 2515 caelio.

214 2548 277 2597 10,
305 2548 316 2587 l
337 2548 368 2587 l.
390 2546 604 2588 Concrc
622 2545 649 2587 (1
665 2559 760 2588 cre
795 2545 861 2587 hic
895 2545 1095 2587 scribitur
1128 2545 1327 2587 absolute
1361 2544 1454 2587 sine
1478 2544 1729 2587 accusativo
1748 2560 1802 2579 r:

387 2616 489 2660 fidei
525 2614 740 2672 (nostrae)
774 2616 960 2660 tradere.

213 2693 277 2744 10,
304 2690 368 2732 17.
390 2690 503 2733 Nec
536 2690 702 2733 levis.
769 2690 848 2732 Est
880 2690 1025 2732 litotes
1058 2690 1221 2744 figurem
1253 2688 1355 2731 vide
1389 2689 1419 2730 1.

212 2765 276 2818 10,
304 2764 371 2806 19.
392 2761 517 2814 Quae
551 2762 704 2818 cuique
737 2761 986 2818 petenda
1020 2762 1173 2806 forent.
1239 2761 1349 2805 Vide
1390 2763 1454 2816 10,
1479 2762 1505 2804 4

211 2838 276 2891 10,
301 2838 370 2879 20.
392 2834 516 2888 Quae
550 2835 750 2880 cavenda
783 2835 936 2899 fluent.
1003 2834 1113 2878 Vide
1153 2837 1218 2890 10,
1244 2836 1284 2877 4.
