2062 3127
286 996 384 1050 7,3.

287 1433 386 1482 7,5.

289 1591 388 1645 7,5.

291 1747 389 1801 7,7.

292 2054 392 2106 7,o.

262 2283 393 2338 7,10.

261 2369 390 2423 7‚1r

905 163 963 168 .,
1029 126 1084 182 18
1147 164 1206 169 ..

437 271 643 327 exempla
684 275 860 315 exstant
892 286 963 328 ap.
996 271 1158 327 Draeg.
1192 271 1292 316 hist.
1327 271 1450 329 Synt.
1487 272 1517 317 I.
1551 287 1594 331 p.
1629 272 1717 325 394
1742 275 1873 331 siqqssz·

435 344 503 386 De
549 357 633 398 quo
681 357 764 391 usu
812 344 914 387 vide
961 344 1107 387 Mado.
1157 344 1212 388 de
1259 345 1891 403 fin.1‚4‚11.Excmpla›
1942 332 1945 334 ’
1990 326 2062 409 ἐξ,

437 418 648 460 bonorum
682 416 939 473 scriptorum
972 429 1133 472 prosae
1166 416 1376 462 orationis
1422 422 1497 461 aut
1528 417 1572 461 in
1616 417 1847 476 participio
1920 448 1923 451 s
1974 402 2062 478 *ᾗ

436 494 548 545 sunt,
584 494 629 532 ut
661 502 731 532 res
755 489 912 532 effecta
943 494 1165 544 tamquam
1199 495 1379 532 externa
1413 494 1570 532 exstet*
1588 492 1638 532 et'
1661 491 1721 533 ad
1752 499 1848 546 per·
1873 490 1875 492 ’

436 574 590 603 sonam
641 561 855 603 referatur
887 562 981 604 sive
1024 562 1240 605 commodi
1285 562 1377 604 sive
1422 562 1572 616 atiqua
1604 562 1697 605 eius
1730 562 1849 607 modi
1881 593 1883 595 ψ

435 631 604 677 ratione
628 635 702 677 aut
735 631 779 676 in
802 631 895 677 eius
919 631 1038 676 modi
1062 632 1221 689 verbis,
1256 637 1302 676 ut
1334 646 1421 676 non
1444 633 1583 676 solum
1602 633 1663 676 ‘ab
1686 633 1846 689 aliquo,

436 705 515 747 sed
550 706 679 747 etiam
714 705 843 747 alicui
878 718 947 747 res
991 705 1082 747 fieri
1122 705 1416 762 intellegatur,
1458 711 1503 748 ut
1535 707 1580 748 in
1612 706 1849 760 quaerendi

435 779 581 822 verbo.
617 803 676 808 ——
710 777 841 821 Cuius
875 777 1209 822 constructionis
1234 777 1437 834 exempla
1468 776 1598 821 etiam
1621 774 1848 823 rarissima

436 855 536 893 sunt
569 850 688 906 apud
719 850 946 893 Horatium
981 846 1091 903 (Sat.
1133 850 1184 891 II.
1223 853 1260 900 1,
1281 852 1349 892 84.
1416 850 1498 892 Od.
1533 851 1565 892 P.
1601 852 1641 905 6,
1662 853 1697 893 1.
1764 852 1844 907 Ep.

439 922 470 964 Ι.
510 923 645 976 1,94;
684 924 750 977 19,
772 921 834 974 3.)

436 993 676 1038 Contendis
700 994 903 1037 Homero.
971 993 1244 1037 Contendere
1277 1008 1371 1037 cum
1405 995 1550 1050 aliquo
1585 995 1847 1050 saepissime

436 1069 611 1124 ponitur
652 1083 731 1124 pro
778 1073 957 1122 certare,
1005 1068 1048 1110 in
1096 1067 1414 1111 contentionem
1459 1068 1619 1111 venire.
1685 1068 1850 1112 Poetae

438 1141 519 1184 hoc
552 1142 729 1187 verbum
773 1140 899 1183 tertio
943 1153 1049 1183 casu
1090 1140 1285 1195 iungunt,
1330 1141 1448 1183 velut
1481 1141 1609 1196 Prop.
1649 1140 1676 1183 Ι.
1717 1142 1783 1194 14,
1805 1142 1843 1183 7.

437 1214 563 1257 Lucr.
600 1215 639 1268 3,
660 1214 686 1255 6
721 1213 836 1265 Quid
869 1213 983 1256 enim
1028 1212 1264 1256 contendat
1297 1212 1481 1257 hirundo
1515 1213 1703 1269 cygnis?
1737 1212 1850 1261 Stat.

438 1286 543 1329 Silv.
582 1286 609 1328 1.
646 1287 805 1341 3,101.
873 1286 959 1329 Seu
992 1285 1070 1328 tibi
1104 1284 1349 1328 Pindaricis
1384 1286 1553 1328 animus
1588 1283 1876 1329 contendere

437 1359 627 1416 plectris.

437 1432 591 1475 Nos.
629 1465 637 1474 .
673 1436 911 1475 nostros
959 1427 1055 1487 (pro
1105 1446 1201 1487 „me
1242 1465 1251 1474 .
1287 1465 1296 1474 .
1344 1427 1515 1486 meos“)
1561 1430 1852 1485 agitamus

438 1518 610 1548 amores
645 1518 724 1548 nec
756 1518 945 1559 cogor,
1009 1503 1121 1547 Vide
1146 1504 1185 1547 Ἰ.
1224 1506 1261 1560 1,
1283 1505 1350 1546 27.

439 1589 724 1632 Consuemus.
789 1589 869 1631 Est
902 1602 1096 1645 syncope
1129 1603 1208 1645 pro
1250 1589 1567 1644 consuevimus,
1603 1602 1733 1643 quam
1768 1587 1851 1630 hoc

439 1663 618 1705 verbum
653 1662 695 1703 in
729 1663 976 1717 praeteritis
1010 1662 1127 1704 haud
1160 1677 1258 1705 raro
1292 1663 1466 1717 patitur.

440 1747 678 1789 Tantum
702 1770 760 1776 ·——
784 1760 810 1801 q
825 1751 1051 1790 uantum
1077 1746 1251 1789 servire.
1317 1746 1505 1789 Tantum
1538 1742 1852 1801 (1000610v3c11i

442 1819 679 1875 respondet
734 1823 1017 1874 quantum,
1066 1819 1254 1873 iungitur
1288 1832 1383 1861 cum
1429 1819 1575 1861 verbo.
1641 1817 1713 1860 Sic
1759 1816 1847 1859 Cic.

441 1893 527 1935 Att.
566 1895 634 1947 12,
659 1894 725 1936 18.
776 1892 842 1936 De
875 1892 978 1935 fano
1001 1897 1181 1947 tantum,
1217 1896 1423 1947 quantum
1446 1904 1514 1934 me
1548 1903 1685 1945 amas,
1722 1888 1850 1932 velim

442 1965 622 2021 cogites.

444 2052 524 2093 Hic
557 2052 691 2093 mihi
725 2051 963 2093 conteritur
985 2050 1100 2092 vitae
1135 2049 1304 2092 modus.
1363 2049 1441 2091 Est
1473 2047 1648 2092 dativus
1672 2047 1851 2091 ethicus,

443 2123 530 2168 Cic.
566 2125 687 2167 Fam.
725 2123 763 2178 9,
784 2124 823 2165 2.
888 2123 957 2165 An
990 2122 1103 2164 tibi
1148 2126 1325 2177 repente
1369 2120 1521 2196 paucis
1562 2125 1662 2176 post
1696 2119 1851 2162 diebus

441 2196 558 2238 venit
592 2195 650 2237 ad
683 2209 751 2236 me
786 2195 1007 2237 Caninius.

443 2280 554 2324 Hlnc
588 2280 714 2337 CUPiO
749 2292 951 2322 llsslnen
985 2292 1066 2321 ll'e
1100 2293 1125 2320 l.
1162 2291 1197 2320 e.
1235 2291 1459 2319 nomlnarl.
1488 2312 1507 2318 -

442 2368 511 2409 Me
545 2366 724 2409 laudent
767 2364 923 2408 doctae
963 2364 1184 2420 placuisse
1226 2363 1414 2419 puellae,
1450 2376 1508 2405 sc.
1543 2375 1624 2404 me.
1660 2360 1732 2404 Sic
1765 2359 1852 2403 Cic.

444 2439 498 2482 de
534 2439 605 2482 Or.
644 2439 716 2481 Ill.
753 2439 821 2481 36.
848 2438 970 2481 Licet
1003 2451 1072 2480 me
1095 2437 1319 2480 existimes
1343 2435 1580 2491 desperare
1612 2434 1699 2476 ista
1721 2445 1854 2489 posse

442 2510 692 2567 perdiscere
726 2524 781 2544 Ξ
815 2523 882 2552 mc
916 2509 1001 2552 ista
1035 2522 1167 2563 posse
1200 2507 1462 2563 perdiscere.
1528 2506 1612 2549 Cfr.
1661 2504 1852 2559 Madvig,

447 2583 638 2625 Gramm.
705 2583 731 2632 ,ὅ
765 2583 867 2624 401.’

263 2672 301 2725 7,
329 2672 379 2713 13
414 2684 477 2725 sq
514 2669 751 2713 Occurrunt
776 2668 816 2711 in
838 2669 964 2723 Prop.
986 2667 1201 2724 poematis
1226 2666 1454 2720 neglect
1470 2677 1529 2707 us
1553 2664 1620 2707 bis
1646 2660 1696 2718 (Ι.
1724 2663 1762 2718 7,
1786 2663 1853 2705 13.

267 2903 395 2958 7,1o.

447 2744 493 2785 V.
541 2745 579 2797 5,
602 2743 660 2797 7),
711 2746 934 2784 amator
980 2740 1131 2783 novies
1182 2736 1233 2793 (Ι.
1287 2739 1402 2792 7,13
1482 2738 1531 2779 Π.
1584 2738 1712 2790 3,16.
1783 2736 1850 2778 ΙΙΙ.

444 2817 584 2867 8‚12;
626 2815 791 2869 13,35;
832 2815 968 2868 14,4;
1005 2813 1163 2867 20,17.
1234 2812 1279 2854 xi
1321 2812 1372 2854 13
1407 2811 1488 2863 323
1530 2807 1703 2865 15,1sy
1804 2816 1807 2818 >

447 2900 592 2945 Nolim
626 2899 831 2943 violasse.
899 2896 1008 2941 Vide
1043 2897 1073 2939 l.
1117 2897 1224 2952 1,15.
