2062 3127
928 76 1222 119 -8,..

920 254 1077 313 Prop.
1095 253 1150 311 1,
1180 253 1226 300 2.

272 356 311 407 2,
335 355 370 395 l.
452 354 697 396 Pronomen
719 352 1077 407 interrogativum
1100 353 1239 409 ,‚quis‚
1263 367 1388 409 quae,
1422 350 1554 409 quid“
1588 367 1616 396 a
1636 347 1864 409 Propertio

452 438 589 481 saepe
610 425 654 468 in
670 424 1086 480 interrogationibus
1109 423 1350 480 rhetoricis,
1374 424 1549 480 pai-eius
1567 425 1611 469 in
1629 424 1863 470 enuntiatis

453 510 555 539 vere
587 496 914 551 interrogativis
947 500 1195 552 usurpatur.
1991 485 2007 515 Ὺ

271 584 369 636 2,1.
454 578 640 637 „Vita“
677 581 841 625 blanda
879 586 922 625 et
965 581 1181 625 amatoria
1223 581 1454 636 allocutio3
1497 581 1573 625 ofr.
1607 582 1665 625 II.
1704 581 1862 637 16,17.

451 655 520 697 Me
562 654 641 698 tibi
685 654 742 698 ad
786 659 1006 698 extremas
1050 665 1315 709 mansurum,
1359 653 1463 710 vita,
1507 653 1698 698 favillas.
1774 653 1862 697 Oie.
1938 709 1940 711 ,
2005 659 2018 670 ‘⁴

450 728 573 770 Fam.
613 729 679 770 14.
701 730 741 770 2.
776 732 819 770 et
851 728 891 770 4.
968 728 1063 782 Ego
1106 732 1149 771 te
1193 741 1324 782 qnam
1368 727 1571 783 primum,-
1612 740 1712 770 mea
1757 728 1862 783 vita,
1910 728 1918 732 '
1991 725 1998 732 ¹

450 798 577 855 eupio
619 798 783 842 videre.
848 799 988 842 Plaut.
1025 798 1158 843 Stieh.
1203 798 1276 842 IV.
1313 800 1352 853 2,
1371 799 1411 841 6.
1477 797 1515 841 Ο
1546 810 1647 842 mea
1689 797 1794 854 vita,
1837 811 1868 847 or

450 879 550 914 mea
581 872 812 926 voluptas!
846 872 983 915 salve.

272 959 309 1010 2,
334 958 369 998 l.
451 956 683 999 Ornata.
747 956 833 999 Per
864 956 994 1011 Prop.
1028 956 1194 1011 profert
1236 956 1319 999 hoe
1351 955 1504 1011 partie.
1569 953 1665 1010 (ΙΙΙ,
1705 955 1861 1010 11,14.

452 1028 501 1070 V.
538 1029 578 1081 5,
599 1029 670 1071 55.
1211 1053 1218 1061 ·

271 1116 309 1168 2,
331 1116 369 1157 2.
454 1110 663 1168 „Sinus“
688 1114 784 1156 loeo
805 1113 1040 1168 singularis
1067 1110 1279 1169 „sinum“.
1310 1113 1384 1156 cfr.
1409 1114 1441 1156 I.
1469 1096 1509 1156 8.
1530 1114 1599 1156 38.
1629 1137 1687 1142 -
1710 1112 1861 1157 Senee.

451 1185 603 1228 Oetav.
638 1186 739 1227 404.
806 1186 860 1228 Et
892 1185 992 1241 ipsa
1024 1185 1173 1228 Tellus
1205 1185 1323 1228 laeta
1357 1184 1568 1228 fecundos
1603 1184 1723 1227 sinus
1756 1197 1862 1248 pau—

451 1258 586 1301 debat
628 1259 753 1302 uitro.
829 1258 988 1302 Tibull.
1031 1259 1064 1300 I.
1112 1260 1151 1313 2,
1172 1260 1241 1301 96.
1306 1257 1494 1313 Despuit
1537 1258 1582 1301 in
1622 1258 1777 1301 molles
1821 1261 1864 1300 et

452 1329 536 1373 sibi
580 1329 763 1385 quisque
808 1328 942 1375 sinus.
1008 1329 1039 1373 I.
1087 1329 1126 1385 3,
1144 1329 1184 1373 6.
1249 1328 1374 1381 Quae
1416 1329 1537 1385 legat
1580 1328 1625 1372 in
1667 1332 1862 1373 maestos

450 1417 557 1445 ossa
586 1408 767 1458 perusta
800 1403 935 1445 sinus.

221 1541 234 1555 Ο
268 1488 306 1541 2,
328 1488 367 1529 5.
448 1486 713 1530 Mereato.
778 1486 855 1529 Bis
888 1486 1046 1542 legitur
1078 1486 1122 1530 in
1152 1486 1353 1543 Properti
1386 1486 1540 1542 elegiis
1574 1484 1643 1541 (V.
1677 1484 1720 1542 5,
1740 1483 1832 1542 32.)

270 1573 308 1612 2.
325 1572 365 1625 6,
382 1571 419 1613 7.
451 1571 659 1625 Singulas
683 1570 1061 1625 interrogationes,
1087 1583 1200 1627 quae
1223 1584 1289 1612 vv.
1321 1571 1434 1612 1-6
1457 1570 1648 1626 explent,
1672 1570 1866 1626 sequitur

451 1656 581 1686 unum
595 1642 839 1697 distichon,
873 1657 958 1697 quo
992 1642 1298 1686 antecedentia
1319 1641 1561 1697 generatim
1584 1641 1863 1697 eomprehen-

450 1715 620 1771 duntur,
655 1716 782 1771 quasi
814 1714 1033 1771 quaedam
1067 1710 1422 1769 ἀνακεφαλαίωσις.
1487 1714 1536 1758 Ο.
1570 1714 1717 1759 Wolff.

270 1804 308 1856 2,
331 1802 369 1844 7.
451 1801 632 1845 Crede
664 1801 800 1844 mihi
835 1836 843 1844 .
880 1835 888 1844 .
925 1814 1032 1844 non
1063 1805 1163 1844 est.
1229 1800 1468 1843 Enuntiata
1510 1799 1666 1843 eodem
1712 1793 1884 1844 tenore

447 1873 806 1930 progrediuntur-3
840 1873 910 1917 ubi
946 1872 1209 1916 constructio
1242 1871 1440 1916 infinitivi
1466 1885 1560 1915 eum
1594 1872 1860 1927 accusativo,

450 1960 579 2001 quam
622 1950 795 2000 voeant,
838 1946 1097 2002 postulatur.
1149 1945 1224 1988 sie.
1274 1945 1373 1988 Ter.
1420 1944 1591 1990 Phorm.
1634 1944 1713 1988 III.
1760 1946 1799 1998 2,
1819 1945 1858 2002 9.

448 2018 590 2062 Crede
621 2017 741 2073 mihi,
775 2017 991 2081 gaudebis
1025 2017 1155 2061 facto.

267 2107 305 2155 2,
325 2106 366 2146 8.
447 2103 600 2147 Nudus
625 2104 760 2146 Amor
787 2116 874 2146 non
897 2107 1028 2156 amat,
1062 2103 1089 2144 i.
1125 2115 1161 2143 e.
1197 2115 1318 2143 nam
1351 2115 1391 2143 n.
1417 2101 1467 2143 A.
1503 2115 1540 2144 a.
1577 2100 1860 2155 adiungenda

448 2181 515 2219 est
548 2176 792 2219 coniunctio
826 2174 1031 2218 causalis.
1096 2174 1195 2217 Non
1227 2184 1326 2217 raro
1351 2187 1447 2216 eam
1481 2173 1638 2216 omittit
1659 2173 1859 2217 Tibullus

445 2252 593 2304 poeta.

265 2324 305 2376 2,
325 2323 364 2364 9.
445 2320 668 2376 Aspice.
735 2319 820 2363 Ofr.
855 2321 888 2363 Ι.
927 2321 994 2376 15,
1015 2321 1054 2363 3.
1093 2320 1205 2375 17,6.
1261 2320 1550 2376 Imperativus
1571 2319 1699 2363 huius
1722 2320 1856 2374 verbi,

446 2407 470 2436 e
493 2407 578 2448 quo
599 2392 764 2449 pendet
786 2392 1071 2447 interrogatio
1106 2392 1296 2448 obliqua,
1321 2391 1439 2449 apud
1461 2395 1639 2449 poetam
1662 2396 1857 2436 nostrum

445 2471 510 2508 ter
541 2466 587 2508 in
618 2465 758 2521 primo
792 2464 903 2508 libro
934 2465 1105 2519 legitur.
1514 2461 1516 2463 ’

265 2541 303 2594 2,
328 2540 394 2582 12.
446 2538 606 2582 Seiat
638 2550 881 2581 currere.
948 2537 1068 2581 Seire
1100 2551 1196 2582 eum
1234 2538 1457 2594 infinitivo,
1502 2543 1548 2582 ut
1580 2538 1683 2582 Hor.
1719 2551 1787 2596 ep.
1821 2539 1853 2582 1.

449 2610 607 2653 17.14.
674 2610 718 2653 Si
754 2610 884 2652 sciret
926 2610 1103 2665 regibus
1145 2611 1219 2653 uti.
1286 2610 1373 2654 cic.
1420 2610 1475 2652 de
1497 2625 1555 2653 or.
1593 2611 1648 2653 II.
1694 2613 1764 2665 22,
1784 2612 1853 2653 91.
1938 2603 1943 2605 ἡ

444 2695 524 2726 nee
547 2681 741 2738 deligere
763 2681 901 2738 seivit,
926 2682 1110 2726 refertur
1132 2682 1191 2726 ad
1213 2682 1375 2740 ingenii
1399 2682 1498 2725 vim.
1539 2681 1625 2726 cfr.
1649 2682 1853 2727 Nescire:

442 2754 573 2810 Prop.
609 2755 663 2797 II.
702 2756 771 2810 16,
789 2755 857 2798 32.
1335 2764 1337 2766 ’

262 2829 392 2871 213.
443 2827 619 2872 Picta.
684 2827 967 2886 Partieipium
1003 2825 1200 2886 „pietus“
1247 2830 1429 2875 oeeurrit
1460 2830 1505 2874 in
1536 2834 1671 2887 poeta
1703 2836 1852 2876 nostro
2002 2825 2062 2886 3³2³}
