2062 3127
251 197 459 278 1411531.
493 210 574 255 sub
607 214 811 266 nostro
838 215 1027 268 pectore.
1061 235 1120 241 --
1151 211 1184 254 Ι.
1223 210 1289 254 15.
1310 209 1379 254 27.
1413 215 1614 256 nostro
1653 210 1828 268 periclo.

99 338 130 358 ff
245 284 389 346 1516.
409 283 479 327 21.
512 287 663 327 nostro
696 281 849 327 dolori.

307 370 343 400 c.
366 355 545 416 Nmnori
576 355 844 412 pronominis
876 356 1122 412 promiscue
1154 356 1288 412 positi
1320 361 1444 402 sunt:

245 428 279 472 I.
325 427 439 484 '1322
468 437 535 484 sq.
570 440 674 483 ego
716 427 942 485 praeferar
984 453 1041 458 —
1083 433 1278 472 nostro
1320 428 1520 485 sepulcro
1564 451 1621 457 ——
1660 427 1831 471 ardoris

267 489 270 491 Δ
367 500 566 543 nostri.
600 524 659 529 ——
691 501 711 543 I
759 501 799 556 6,
819 501 876 544 23
908 514 973 556 sq.
1007 506 1180 545 nostros
1213 502 1387 545 labores
1416 526 1473 531 —
1495 501 1685 545 lacrimis
1709 501 1831 544 meis.

366 596 424 603 -—
456 572 489 615 Ι.
526 572 637 628 7,113
670 585 734 627 sq.
767 586 836 617 me
868 573 987 628 legat
1018 598 1077 603 -
1109 578 1260 617 nostra
1290 573 1421 619 mala.
1446 597 1504 602 —
1535 574 1568 616 Ι.
1599 574 1665 629 11,
1687 574 1743 616 23
1766 586 1830 629 sq.

365 644 469 689 mihi
501 665 559 678 2—-
591 650 767 689 nostrae
813 645 1019 690 laetitiae.
1052 670 1111 675 ——
1142 647 1176 690 Ι.
1215 647 1322 701 12,1
1362 657 1426 701 sq.
1459 645 1563 689 mihi
1600 670 1659 676 —-—
1690 646 1831 690 nobis.

365 742 424 748 -—-
463 719 497 762 Ι.
536 719 648 774 12,5
682 731 745 773 sq.
778 718 883 761 mihi
925 742 983 748 -
1016 717 1205 775 Cynthia
1246 723 1407 762 nostra.
1442 742 1499 748 —
1545 719 1578 761 I.
1617 720 1731 774 15,3
1765 732 1829 775 sq.

368 804 437 835 me
469 792 613 848 rapiat
644 815 701 821 —
733 791 778 834 in
810 795 958 834 nostro
991 791 1157 834 timore.
1192 815 1251 820 -—
1272 791 1305 833 Ι.
1344 791 1480 846 17,11
1521 804 1584 846 sq.
1617 805 1717 835 mea
1740 792 1833 835 fata

366 852 425 893 -'
456 876 563 907 ossa
604 868 767 906 nost-ra.
800 887 858 892 --
895 863 929 906 Ι.
979 862 1044 905 18.
1070 863 1135 904 11.
1169 862 1273 905 mihi
1306 887 1364 893 ——
1397 868 1545 906 nostro
1580 863 1739 907 limine.
1774 889 1831 894 —

365 935 399 978 Ι.
437 935 504 978 19.
525 934 551 977 5
573 947 637 989 sq.
671 934 831 979 nostris
854 934 1003 979 ocellis
1037 959 1094 964 ——
1126 947 1248 978 meus
1281 934 1438 991 pulvis.
1473 960 1530 965 —
1562 936 1595 979 Ι.
1622 937 1691 991 21,
1712 937 1738 979 3
1762 949 1827 992 sq.

365 1012 514 1051 nostro
546 1007 710 1063 gemitu
743 1032 801 1038 -—
833 1021 916 1063 ego
950 1021 1060 1051 sum.

305 1079 347 1124 d.
366 1080 553 1124 Pluralis
585 1080 707 1123 verbi
740 1094 818 1137 pro
852 1080 1076 1136 singulari.

243 1153 276 1196 I.
312 1153 353 1209 8,
373 1153 442 1196 28.
478 1152 679 1196 Vicimus.
716 1177 773 1183 —-
806 1153 839 1196 I.
877 1154 945 1208 10,
964 1154 1004 1196 6.
1039 1152 1250 1198 Vidimus.
1277 1175 1328 1183 --
1357 1155 1395 1197 Ἰ.
1439 1156 1474 1209 1,
1496 1154 1564 1197 27.
1599 1154 1827 1210 patiemur.

305 1237 343 1269 e.
367 1224 555 1270 Pluralis
587 1225 710 1269 verbi
742 1230 785 1269 et
816 1225 1052 1282 singularis
1084 1225 1380 1283 pronominis.

243 1298 276 1341 Ι.
314 1298 382 1353 18,
405 1297 458 1340 17
493 1309 557 1352 sq.
593 1296 748 1341 damus
781 1322 840 1327 —
871 1311 968 1341 meo
1000 1298 1046 1341 in
1077 1311 1164 1341 ore.

304 1369 333 1413 f.
366 1365 553 1414 Pluralis
585 1369 853 1427 pronominis
887 1374 930 1413 et
962 1364 1197 1426 singularis
1229 1370 1366 1416 verbi.

242 1443 276 1486 Ι.
314 1444 458 1498 10,13
491 1456 555 1497 sq.
590 1441 734 1485 Didici
766 1467 824 1472 —
856 1442 900 1485 in
922 1442 1062 1486 nobis.
1096 1467 1154 1473 —
1186 1444 1220 1486 I.
1255 1444 1295 1487 3.
1316 1445 1385 1487 21.
1420 1444 1656 1487 Solvebam
1680 1449 1830 1488 nostra

362 1513 418 1558 de
449 1514 603 1558 fronte.
637 1538 696 1544 —
726 1515 759 1558 I.
798 1514 865 1572 13,
888 1516 924 1557 1.
946 1516 985 1558 2.
1049 1514 1210 1560 Nostro
1244 1528 1351 1560 casu
1390 1539 1438 1545 —-
1474 1529 1638 1560 vacem.

300 1601 342 1641 g.
361 1587 548 1630 Pluralis
580 1587 702 1630 verbi
735 1592 779 1630 et
810 1588 1092 1643 pronominis.

240 1658 272 1702 I.
309 1658 393 1715 7,5
426 1670 491 1715 sq.
540 1658 645 1715 Nos,
694 1663 741 1703 ut
788 1671 1070 1715 consuemus,
1125 1663 1298 1703 nostros
1356 1659 1574 1715 agitamus
1639 1672 1825 1704 amores.

359 1731 502 1786 Atque
535 1730 700 1786 aliquid
733 1730 885 1776 duram
918 1732 1166 1786 quaerimus
1196 1732 1244 1775 in
1275 1730 1509 1774 dominam.

243 1804 371 1860 1,28.-
420 1802 508 1848 Sit
538 1803 790 1848 libertas
823 1804 994 1860 loqui.
1059 1803 1145 1849 Cfr.
1181 1805 1202 1848 I
1225 1805 1379 1849 21.20.
1414 1804 1441 1848 i.
1475 1818 1512 1848 e.
1558 1804 1615 1849 sit
1646 1804 1825 1850 libertas

419 1876 561 1933 loqtli,
610 1890 723 1933 quae
770 1878 875 1921 velit
921 1878 988 1921 ira.
1031 1878 1161 1933 loqui.
1242 1878 1345 1920 Pro·
1373 1878 1559 1920 neutrali
1606 1877 1824 1921 adiectivo

420 1949 595 2006 ponitur
627 1949 947 1994 substantivum
979 1950 1221 1994 abstratum
1252 1948 1564 2006 praedicative.

243 2014 359 2077 1,31-
419 2036 483 2078 sq.
517 2023 823 2066 Remanete
865 2046 911 2051 —
947 2022 1100 2065 sitis.
1167 2022 1240 2065 Sic
1282 2022 1414 2067 etiam
1455 2021 1575 2077 apud
1606 2022 1824 2065 Tibullum

419 2091 472 2150 (Ι.
511 2096 547 2151 l,
566 2094 635 2137 37.
700 2093 869 2139 Adsitis
901 2118 961 2124 —
993 2106 1073 2137 nec
1104 2091 1316 2151 spernite)
1348 2092 1467 2138 modi
1498 2093 1734 2138 variantur.

230 2168 280 2222 -1,
299 2167 369 2210 35.
408 2154 526 2222 Hoc,
558 2180 783 2222 moneo,
812 2167 999 2210 vitate
1029 2166 1204 2210 malum.
1258 2166 1397 2209 Poeta
1418 2170 1566 2209 noster
1596 2165 1667 2209 hic
1687 2167 1821 2211 verbo

424 2234 653 2296 „monere“
679 2238 982 2295 imperativum
1002 2237 1271 2295 paratactico
1295 2236 1447 2281 ordine
1477 2242 1525 2281 ut
1554 2237 1668 2282 alias
1689 2237 1824 2283 verbo

421 2307 642 2369 „quaeso“
680 2309 890 2355 adiunxit.
945 2311 1018 2356 Sic
1039 2310 1198 2355 Tibull.
1231 2311 1287 2353 II.
1313 2311 1471 2365 5,114.
1537 2310 1822 2367 Praemoneo,

322 2431 326 2435 .
417 2384 510 2429 vati
538 2398 685 2442 parce.
750 2384 957 2429 Similiter
998 2383 1063 2427 Pl.
1096 2383 1231 2428 Most..
1273 2384 1370 2428 196.
1434 2383 1592 2427 Moneo
1635 2397 1718 2439 ego
1755 2389 1821 2428 te:

418 2461 461 2499 te
491 2455 565 2499 ille
598 2455 772 2500 deseret
803 2460 950 2499 aetate
981 2461 1024 2499 et
1055 2455 1273 2500 satietate.

148 2517 151 2521 ¹
217 2531 278 2598 .1,
298 2529 368 2573 36.
417 2527 687 2573 Adsueto.
752 2529 847 2573 Hoc
888 2528 1165 2585 participium
1205 2532 1358 2584 quater
1398 2527 1519 2584 apud
1550 2527 1821 2586 Propertium

417 2599 576 2656 legitur
607 2596 659 2655 (1.
693 2600 734 2655 4,
754 2600 794 2643 4.
843 2599 898 2643 11.
932 2600 973 2656 4,
992 2601 1033 2643 4.
1081 2600 1132 2643 v.
1168 2600 1207 2656 3,
1226 2597 1316 2655 53).

61 2715 65 2722 ,
240 2673 370 2730 1,37.
418 2672 704 2717 Monitum.
769 2672 913 2717 Semel
956 2672 1171 2716 invonitur
1211 2672 1294 2716 hoc
1334 2672 1652 2717 substantivum
1686 2671 1818 2729 apud.
