2062 3127
0 253 31 274 5³²,
48 256 51 259 ¹
68 268 73 271 ,

0 271 38 322 ’ἕξ

4 339 33 357 «1..
54 354 61 362 ,

274 292 373 347 9,1.

275 582 313 634 9,
337 581 373 620 1.

895 75 1187 117 -21-

801 216 995 273 Prop.
1028 216 1066 261 Ι.
1099 179 1154 263 9.

412 291 553 346 Tibi
596 296 799 335 venturos
844 305 1015 336 amores
1064 306 1122 335 se.
1168 306 1279 335 esse.
1346 293 1502 336 Venire
1553 258 1667 336 idem
1711 293 1826 336 xalet

425 364 541 418 quod
587 364 835 420 „aceedere,
880 361 1148 421 pervenire&
1229 365 1315 408 Cic.
1361 366 1412 408 N.
1448 365 1498 407 D.
1548 367 1587 420 3,
1610 367 1677 407 14.
1759 364 1829 407 Ad

424 450 551 490 quem
585 436 714 479 dolor‘
741 437 899 480 veniat.
966 436 1134 480 Caecin.
1184 439 1251 480 26.
1286 438 1426 481 Maior
1457 438 1678 481 hereditas
1712 438 1830 480 venit

424 521 664 562 unlculque.

423 580 602 634 Legitur
633 581 846 623 inrisor
878 595 947 636 ap.
974 582 1101 636 Prop.
1127 582 1275 635 semel,
1310 586 1529 636 emptus
1554 587 1619 625 ter
1641 583 1691 636 (l.
1717 584 1756 636 9,
1778 585 1817 625 4.

424 652 496 694 1V.
535 654 600 707 12,
623 653 691 695 34.
756 653 805 695 V.
842 653 880 706 5,
900 650 988 707 33),
1024 657 1273 695 erratum
1308 653 1440 696 semel
1476 650 1525 708 (l.
1562 655 1601 709 9,
1623 652 1710 708 31).

244 725 284 779 9,
307 725 346 779 5,
363 725 403 766 6.
437 724 534 767 Non
565 738 632 767 1116
667 725 841 767 vincant
876 724 1031 767 dicere
1100 723 1459 780 7,17111661·6“611111
1491 727 1699 770 infinitivo
1733 728 1824 770 iun-

423 796 548 851 gitur,
582 811 676 840 cum
711 794 1400 852 significat.„besse1·k6nnen“;
1445 798 1520 841 sic
1555 798 1630 843 Sil.
1678 800 1716 854 5,
1739 801 1824 843 552

423 868 526 909 nulli
559 868 697 911 victus
720 881 884 924 ponere
917 873 1083 922 castra·
1118 870 1157 923 6,
1189 870 1264 911 141
1302 883 1388 913 non
1421 871 1507 913 ullo
1532 884 1658 913 amne
1690 871 1827 913 victus

427 939 661 983 extendere
694 939 847 983 undas.
1138 936 1140 939 ’

274 1013 312 1067 9,
333 1013 372 1054 6.
417 1012 573 1064 Dicere
606 1013 679 1055 cfr.
716 1014 755 1068 9,
776 1014 844 1055 34.
910 1014 981 1056 IV.
1022 1014 1155 1068 1,85;
1192 1014 1320 1068 8,17.
1355 1011 1425 1069 Β.)

273 1082 312 1140 9,
333 1086 372 1128 9.
424 1084 551 1136 Quid.
587 1085 671 1128 Cfr.
707 1087 739 1129 Ι.
777 1088 815 1128 2.
855 1088 891 1129 1.

243 1159 371 1213 9,10.
421 1157 595 1201 Moenia
638 1155 683 1213 (i.
718 1173 754 1202 e.
790 1157 1056 1216 Thebarum)
1089 1159 1378 1216 Amphioniae
1421 1161 1542 1216 lyrae
1575 1161 1600 1203 i.
1636 1174 1672 1203 e.
1717 1175 1827 1204 saxa

423 1230 545 1272 suavi
578 1236 706 1273 cantu
740 1231 997 1286 Amphionis
1044 1232 1101 1274 ad
1136 1232 1367 1275 struendos
1412 1246 1557 1276 muros
1591 1233 1827 1277 Thebanos

422 1305 572 1344 tracta.
649 1303 751 1345 Hor.
803 1302 883 1345 Od.
935 1304 974 1356 3,
1015 1305 1079 1359 11,
1119 1306 1183 1346 12.
1231 1328 1288 1332 —
1332 1303 1506 1347 Moenia
1538 1318 1594 1339 =
1628 1305 1829 1349 aedificia

423 1388 518 1417 cum
550 1374 696 1417 muris.

243 1450 282 1503 9,
305 1449 371 1490 ll.
423 1447 598 1491 Versus.
635 1447 877 1501 Singularis
911 1463 989 1504 pro
1023 1449 1192 1504 plurali.
1258 1448 1342 1492 Sic.
1393 1445 1529 1503 (Tib.)
1563 1449 1725 1503 Paneg.
1772 1450 1828 1492 34

418 1525 595 1563 aeterno
630 1533 781 1574 versu,
828 1523 907 1563 201
946 1534 1098 1563 versus
1133 1527 1291 1563 noster.
1358 1521 1441 1562 Pro
1475 1520 1664 1563 carmine
1698 1521 1828 1563 etiam

417 1597 571 1636 exstat.
624 1592 709 1634 Cic.
731 1594 802 1635 Or.
839 1594 877 1647 3,
904 1593 958 1634 50
993 1592 1036 1635 in
1064 1605 1236 1634 versum
1261 1605 1308 1634 se
1340 1597 1482 1634 mente
1519 1605 1570 1634 ac
1603 1593 1826 1635 voluntate

420 1665 629 1708 conicere.

238 1737 366 1792 9,11.
415 1737 519 1779 Plus
568 1736 685 1779 valet
717 1736 956 1778 Mimnermi
1006 1750 1210 1780 versus
1245 1737 1488 1779 Homero
1539 1736 1564 1778 i.
1612 1750 1646 1779 6.
1700 1750 1827 1779 versu

428 1810 604 1851 Homeri
637 1810 734 1864 plus
770 1796 1156 1851 valet-Mimnermi
1190 1823 1356 1851 versus.

241 1882 281 1936 9,
303 1883 371 1925 23.
425 1882 577 1924 Nullus
611 1882 745 1924 Amor
777 1881 974 1936 cuiquam
1009 1882 1034 1923 i.
1071 1895 1106 1924 e.
1142 1896 1229 1925 non
1260 1881 1637 1937 Amor‘euiquam.

238 1954 277 2007 9,
299 1955 367 1995 25.
418 1955 508 1996 Nec
541 1954 732 2008 decipiat
764 1969 816 1987 τε
851 1967 960 1995 neve
995 1954 1034 1994 d.
1092 1954 1174 1995 Sic.
1208 1954 1324 2007 Virg.
1360 1955 1411 1995 A.
1451 1956 1515 1995 11.
1553 1954 1639 1995 354
1672 1967 1752 1995 1166
1784 1962 1827 1995 te

417 2026 528 2068 ullus
561 2025 773 2068 violentia·
801 2025 958 2068 vincat.

242 2098 281 2151 8,
305 2098 371 2140 16.
423 2096 567 2138 Medio
600 2096 772 2144 flumine
806 2111 860 2130 =
893 2097 937 2138 in
969 2095 1113 2138 medio
1146 2096 1331 2139 flumine.

237 2170 276 2225 9,
302 2170 368 2213 17.
418 2170 569 2225 Neque
602 2169 703 2213 dum
737 2183 770 2212 s.
806 2184 883 2212 1166
917 2169 1017 2212 dum
1050 2185 1106 2205 =
1140 2174 1181 2212 et
1214 2184 1300 2212 non
1333 2169 1447 2213 dum.

234 2244 272 2297 9,
296 2243 362 2285 19.
412 2241 632 2286 Accedere
656 2243 855 2297 aliquem.
890 2242 1078 2285 Verbum
1101 2242 1374 2285 transitivum
1409 2238 1672 2298 „aceedere“
1700 2242 1817 2299 apud

233 2607 272 2656 9,
294 2606 362 2648 28.

416 2314 681 2371 Sallustium,
715 2319 884 2372 poetas,
919 2314 1185 2371 posteriores
1209 2314 1431 2371 reperitur.
1478 2314 1585 2358 Enn.
1611 2328 1681 2371 ap.
1710 2314 1823 2358 Gell.

420 2390 488 2442 10,
514 2389 568 2430 29
618 2387 788 2431 aceedit
836 2400 982 2430 muros
1031 2388 1230 2430 Romana
1276 2387 1490 2429 inventus.
1568 2386 1642 2429 Sil.
1693 2388 1759 2440 14,
1786 2388 1824 2429 3.

414 2460 613 2504 Sicanios
637 2459 846 2504 accedere
879 2464 1039 2515 portus.
1088 2458 1181 2501 Liv.
1220 2460 1286 2514 29,
1314 2460 1352 2501 5.
1397 2459 1581 2514 Ligures
1604 2459 1824 2502 Genuam-

412 2545 494 2588 que
526 2535 820 2580 accesserunt.

412 2604 502 2647 Nec
534 2604 792 2658 vigilare
818 2638 826 2646 .
851 2637 860 2646 .
886 2603 1013 2646 cedat
1036 2600 1325 2659 (einraumen)
1343 2604 1488 2647 Amor.
1518 2600 1821 2659 „Concede1·e“

411 2676 593 2731 iungunt
634 2675 843 2718 infinitivo
890 2675 1131 2730 LucretiuS,
1173 2675 1403 2730 Vergilius,
1451 2675 1670 2718 Horatius.
1736 2674 1824 2717 Cfr.

413 2748 622 2803 Draeger,
671 2747 770 2791 hist.
817 2747 938 2803 Synt.
991 2748 1030 2800 2,
1056 2748 1154 2790 318.
1190 2772 1247 2776 --
1280 2747 1388 2791 Stat.
1422 2747 1502 2789 Th.
1558 2747 1705 2802 1,704
1751 2747 1819 2790 cui

414 2831 586 2863 cessere
618 2819 772 2864 florere
849 2819 951 2862 Hor.
987 2818 1125 2877 Epist.
1162 2821 1199 2874 2,
1231 2821 1267 2874 1,
1293 2820 1362 2861 66.
1425 2819 1582 2862 Dicere
1615 2818 1742 2864 cedit.
