2062 3127
280 223 293 226 ’
357 210 547 268 „Pa-re&
581 228 662 269 pro
698 209 839 270 „noli“
875 209 1047 270 (φείδου)
1082 228 1108 256 a
1139 213 1281 270 poetis
1314 213 1523 256 infinitivo
1557 212 1756 267 iungitur.

289 296 291 298 “
354 286 457 330 Hor.
479 286 560 330 Od.
577 288 617 342 3,
637 287 706 341 28,
728 287 766 329 7.
801 286 951 330 Parcis
975 284 1186 343 deripere.
1213 310 1260 316 —-
1285 286 1399 330 Usus
1432 285 1630 329 infinitivi
1663 299 1757 329 eum

354 357 457 401 aliis
486 358 631 402 verbis
665 358 878 402 coniuncti
924 363 990 402 est
1023 357 1140 415 apud
1180 364 1334 415 poetas
1369 358 1757 413 frequentissinms.

356 430 439 471 Gfr.
468 427 568 472 Hor.
594 431 675 473 Od.
710 433 730 472 1
783 434 817 472 1.
842 433 867 472 8
900 436 1036 472 eertat
1068 433 1233 483 tollere,
1269 433 1336 474 21.
1373 431 1546 472 demere
1579 431 1756 484 spernit.

357 501 425 544 34.
461 501 619 558 refugit
660 501 852 547 tendere.
917 501 1108 555 Quorum
1142 502 1368 547 verborum
1416 502 1617 559 exempla
1660 507 1758 545 sunt

357 575 508 629 stelle,
543 576 669 629 nolle,
704 562 935 630 coepisses
952 575 1165 630 desinere,
1200 575 1362 630 odisse,
1397 576 1603 628 invidere,
1639 591 1754 629 par-

357 659 506 702 cere,
540 660 761 702 quaerere,
785 645 970 702 differre,
1001 647 1166 702 timere,
1191 660 1352 702 amare,
1376 646 1557 703 mittere,
1582 646 1755 701 gestire,

354 723 557 772 metuere,
593 718 747 773 furere,
780 715 973 772 fugere“.
1542 708 1545 710 ⁵

87 794 93 801 ⁴
145 765 242 844 '15.
263 788 334 832 27.
350 788 552 832 ,Dolitura
594 790 629 832 si
674 789 778 845 quid
822 823 830 832 .
869 825 874 831 .
922 790 1000 833 tibi
1042 789 1254 833 inciderit.
1321 790 1439 832 Haec
1485 794 1697 833 strue-,tura
1732 805 1754 832 a

353 861 450 903 Livi
484 865 628 916 aetate
660 861 823 904 usitata
855 866 933 904 est.
1000 862 1159 916 Draeg.
1194 862 1246 904 ll.
1284 876 1325 917 1).
1362 862 1461 903 725.

177 934 243 987 15,
264 934 332 975 29.
354 932 490 975 Vasto
523 934 723 981 labentur
744 933 921 975 flumina
953 939 1100 989 ponto.
1144 934 1304 987 Draeg.
1332 934 1357 984 ξ
1387 934 1466 975 188
1492 931 1542 986 (1.
1568 947 1609 988 p.
1636 931 1754 975 3941.

82 996 84 999 ¹
128 996 136 1001 ’
178 1005 245 1060 15,
267 1005 336 1060 29,
356 1005 425 1047 30.
489 1005 708 1062 Tempora
754 1005 913 1049 variari
962 1002 1203 1060 (labentur,
1253 1003 1442 1060 duxerit)
1491 1010 1557 1047 est
1606 1009 1754 1046 notatu

358 1075 536 1131 dignum

176 1149 243 1205 15,
263 1150 332 1192 32.
352 1148 399 1192 Si
432 1147 717 1204 quodeunque
749 1149 884 1204 voles,
920 1163 1005 1192 non
1039 1149 1184 1191 aliena
1216 1153 1372 1204 tamen,
1409 1162 1466 1191 se.
1503 1148 1601 1191 eris.

181 1221 244 1274 15,
265 1221 333 1261 34.
354 1221 457 1262 Per
490 1233 598 1274 quos
632 1221 657 1262 i.
694 1234 728 1262 e.
764 1222 939 1263 ocellos.
1004 1223 1107 1263 Por
1141 1227 1260 1262 notat
1302 1221 1369 1261 hie
1403 1234 1594 1274 eausam,
1644 1220 1756 1262 unde

354 1291 519 1347 aliquid
550 1292 607 1335 fit.
1647 1291 1651 1297 '

177 1363 490 1406 15.34.Mil1i
523 1384 568 1396 z
601 1378 629 1406 a
670 1376 750 1406 mess
817 1364 903 1407 Cie.
954 1365 1073 1408 Verr.
1124 1365 1194 1407 [V.
1242 1366 1311 1407 42.
1379 1366 1462 1406 Res
1511 1364 1613 1406 mihi
1665 1370 1757 1405 tota,

355 1436 534 1493 provisa
565 1441 642 1480 est.
709 1434 908 1492 (Madvig
940 1437 966 1489 ἓ
1002 1438 1085 1480 250
1101 1434 1185 1493 a.)·

177 1510 241 1564 15,
262 1511 328 1551 35.
351 1509 462 1552 Hos
497 1510 682 1552 ocello
698 1523 718 1551 S
742 1510 992 1552 iurabas.
1030 1510 1107 1552 Est
1124 1506 1363 1562 ἑλληνισμός.
1382 1510 1543 1552 Tibull.
1564 1509 1752 1552 Numina

350 1581 442 1625 iuro
476 1580 631 1637 (epigr.
667 1582 698 1624 l.
740 1583 790 1624 15
836 1595 868 1624 s.
905 1579 1145 1637 4,13,15).
1190 1581 1265 1624 Sil.
1302 1582 1448 1635 8,105
1530 1581 1638 1623 Hen.
1673 1582 1740 1622 An

351 1653 404 1696 ΙΙ.
441 1655 481 1709 4,
502 1654 539 1696 7.
573 1654 650 1696 111.
691 1657 726 1709 l,
749 1655 817 1696 22.
852 1651 1051 1708 ἐπιορκεῖν
1076 1651 1202 1700 θεούς.
1237 1653 1322 1696 Cfr.
1342 1654 1501 1708 Draeg.
1529 1655 1560 1695 l.
1586 1667 1626 1708 p.
1654 1654 1753 1695 356.

176 1727 240 1779 15,
258 1726 326 1767 36.
345 1725 513 1780 Jurare,
548 1731 604 1768 ut.
671 1726 890 1769 Particula
937 1723 1035 1782 „ut“
1083 1726 1311 1780 signifieat,
1357 1740 1482 1780 quem
1526 1725 1582 1768 ad
1626 1726 1751 1768 tinem

351 1797 515 1853 aliquid
549 1797 635 1840 fiat.
701 1797 787 1840 Cfr.
822 1797 981 1852 Draeg.
1018 1798 1071 1840 ΙΙ.
1108 1798 1133 1850 ξ
1168 1799 1265 1840 391.

175 1871 240 1923 15,
262 1871 331 1913 36.
352 1870 601 1926 Suppositis
619 1871 833 1914 manibus.
868 1870 1074 1914 Similiter
1092 1871 1167 1913 111.
1190 1872 1259 1924 32,
1278 1872 1332 1912 39
1358 1872 1588 1926 supposita
1610 1884 1752 1912 manu.

179 1943 240 1997 15,
261 1943 330 1985 37.
353 1940 461 1999 „Er‘
506 1943 836 1997 interrogationi
881 1943 1178 1998 praepositum
1225 1943 1403 1985 inservit
1449 1942 1752 1986 exclamationi

350 2029 442 2059 eum
478 2015 766 2058 admiratione
809 2021 851 2057 et
882 2014 1183 2070 indignatione
1228 2015 1506 2068 eoniunetae3
1551 2013 1644 2062 (cfr.
1681 2016 1751 2057 [V.

351 2088 466 2143 4,17
502 2085 571 2142 Β.)
634 2088 701 2130 W.

173 2160 239 2215 15,
260 2160 559 2204 39.Multos
593 2161 759 2216 pallere
792 2161 1020 2203 colores
1065 2161 1075 2202 i
1126 2174 1148 2202 e
1196 2160 1239 2203 in
1272 2161 1429 2203 multos
1463 2161 1631 2204 colores
1665 2161 1753 2203 vul-

348 2238 435 2275 tum
469 2237 648 2275 mutare.
713 2233 792 2275 Est
824 2233 1016 2275 notabile
1050 2233 1293 2288 exemplum
1339 2233 1494 2275 obiecti
1530 2233 1681 2275 interni
1718 2249 1750 2275 s.

349 2305 551 2360 absoluti,
598 2305 713 2360 quod
746 2312 917 2349 vocant.
982 2305 1142 2360 Draeg.
1185 2306 1215 2348 Ι.
1252 2319 1294 2361 p.
1331 2306 1429 2348 356.
1471 2330 1507 2334 -
1557 2306 1753 2347 Graeeae

350 2378 547 2434 syntaxis
572 2378 792 2433 proprium
821 2384 900 2419 est.
937 2377 1021 2419 Cfr.
1048 2377 1176 2420 etiam
1203 2378 1398 2419 Gossrau
1426 2378 1521 2433 Spr.
1547 2378 1572 2425 ξ
1597 2378 1695 2418 394.
1712 2378 1750 2417 b.

348 2451 473 2492 Anm.
510 2451 549 2492 3.
584 2450 775 2504 Kiihner,
810 2464 871 2504 gr.
909 2450 982 2492 Gr.
1018 2451 1043 2501 ξ
1078 2451 1145 2492 46.
1185 2451 1209 2491 5
1244 2463 1307 2503 sq.

171 2522 237 2565 15.
259 2522 328 2564 41.
349 2522 443 2577 Ego
478 2535 588 2565 nuno
620 2534 751 2578 pereo
786 2521 950 2570 similes
984 2521 1304 2564 moniturus
1340 2526 1550 2564 amantes.
1598 2522 1751 2563 Exstat

349 2599 457 2650 part.
503 2594 578 2637 fut.
624 2595 718 2637 loeo
763 2594 971 2637 enuntiati
1015 2595 1170 2637 finalis.
1237 2594 1347 2636 Vide
1380 2594 1577 2648 Draegor
1619 2595 1673 2636 ll.
1710 2609 1749 2649 p.

351 2667 436 2710 745
471 2679 534 2721 sq.

175 2740 238 2793 15,
258 2741 327 2781 42.
347 2740 504 2781 Tutum
541 2752 598 2781 se.
635 2744 713 2781 est.
