2062 3127
206 245 267 303 ·6‚
290 246 357 314 12.

229 537 267 592 6,
294 536 359 579 13.

227 753 357 807 6,17.

179 1034 189 1037 ἱ
227 971 352 1026 6,18.

226 1189 265 1243 6,
289 1189 355 1230 19.

225 1261 264 1315 6,
285 1261 354 1302 23.

881 107 1171 159 „17-

379 246 453 290 *si
486 247 581 303 quis
625 248 816 291 lentus
860 262 1047 292 amare
1090 253 1235 310 potest
1282 243 1319 292 i.‘
1352 263 1386 292 e.
1424 250 1458 293 si
1505 250 1601 305 quis
1643 242 1810 305 tarduS,

411 318 596 374 frigidus
630 333 729 364 esse
762 326 907 377 potest
939 320 997 364 ad
1030 321 1264 365 amandum
1310 336 1343 364 S.
1379 321 1437 364 ad
1479 322 1808 378 concipiendum

411 403 615 436 amorem.
681 391 842 436 Poetae
876 392 1129 436 brevitatem
1175 392 1319 448 graeci
1355 393 1566 437 sermonis
1601 393 1643 436 in
1688 406 1809 437 usum

413 477 536 507 suurn
569 470 752 521 vertunt,
787 479 881 509 cum
916 464 1135 509 adiectiva
1167 466 1348 521 iungunt
1381 465 1616 509 infinitivis.

410 537 515 580 An.
566 536 656 580 sit.
694 539 738 579 ln
770 537 1110 592 interrogatione
1143 537 1307 582 directa
1330 538 1582 595 Propertius
1617 538 1683 580 bis
1716 552 1812 593 par-

408 608 556 669 ticula·
585 606 694 664 „an“
738 610 1064 664 interrogationi
1098 611 1340 654 inserviens
1390 625 1484 653 cum
1528 611 1810 653 concunctivo

407 681 627 723 construit.
662 680 746 724 Cfr.
768 682 844 724 III.
868 683 907 736 6,
928 683 997 724 30.
1033 682 1100 724 An
1116 681 1271 724 mediis
1296 682 1413 725 sidat
1434 682 1621 725 honusta
1653 681 1815 725 vadis‘.>

409 751 734 807 Osculaque
779 753 981 809 opposito
1027 753 1143 808 dicat
1187 753 1298 796 sibi
1345 753 1493 796 debita
1539 759 1667 796 vento
1712 754 1736 795 i.
1773 768 1807 796 c.

408 823 513 869 dass
547 825 611 868 sie
644 824 714 868 die
741 816 812 868 'ihr
843 824 1122 880 gehorenden
1146 825 1199 868 K.
1236 825 1333 869 dem
1368 831 1807 882 entgegengesetzten

408 897 473 941 W.
509 911 617 952 sage
650 894 798 953 (naml.
834 896 1062 954 umsonst).

403 970 468 1013 Et
499 970 656 1013 nihil.
722 970 815 1014 Hac
853 971 1129 1014 coniuntione
1172 971 1405 1027 scriptores
1450 986 1608 1014 aureae
1653 973 1809 1015 aetatis

409 1056 598 1099 perraro,
634 1042 897 1098 posteriores
932 1056 1066 1098 saepe
1099 1049 1283 1086 utuntur.
1334 1044 1436 1086 Tac.
1463 1045 1513 1085 A.
1549 1049 1590 1086 et
1623 1043 1728 1086 nihil
1758 1045 1807 1086 A.

415 1116 745 1171 1,38;11,27.
978 1165 997 1174 ..

404 1187 552 1229 Patrui
586 1187 761 1230 meritas
796 1200 969 1229 secures
1003 1188 1028 1229 i.
1065 1202 1100 1230 e.
1136 1202 1162 1229 a
1194 1193 1349 1244 patruo
1379 1188 1554 1230 meritas
1590 1201 1777 1230 secures.

419 1260 482 1302 Et
524 1260 599 1302 tibi
644 1273 750 1302 non
794 1274 1047 1314 unquam.
1113 1260 1166 1302 Et
1200 1275 1284 1302 non
1328 1259 1428 1301 vide
1474 1260 1503 1301 l.
1540 1260 1680 1313 6,18;
1726 1275 1810 1302 non

406 1345 592 1387 unquam
626 1332 658 1374 Ι.
698 1334 733 1374 l.
761 1332 825 1375 17.

226 1406 265 1457 6,
287 1406 354 1460 23,
376 1406 444 1447 24.
508 1405 557 1446 In
590 1403 744 1447 eodem
779 1404 999 1447 enuntiato
1033 1405 1190 1459 legitur
1223 1410 1453 1446 nostros
1487 1401 1584 1459 (pro
1613 1401 1811 1459 „incos“)

227 1550 265 1603 6,
287 1549 355 1590 24.

258 2642 356 2695 7‚1.

408 1481 449 1518 ct
487 1473 663 1531 „meis“.
730 1475 839 1518 Vide
873 1477 905 1518 I.
945 1477 1072 1530 1,27.

404 1548 616 1590 Lacrimis
660 1548 805 1590 omnia
850 1553 952 1590 nota
994 1548 1102 1590 meis
1147 1548 1172 1590 i.
1209 1562 1244 1590 c.
1281 1548 1426 1590 omnia
1459 1548 1561 1590 mihi
1608 1549 1811 1591 lacrimas

406 1618 602 1662 fundenti
635 1624 752 1663 nota.

344 1725 356 1742 ,.
408 1691 659 1747 Carpere
692 1692 823 1735 ibis.
891 1691 1000 1735 Vide
1033 1693 1065 1734 I.
1105 1694 1231 1745 1,12.

345 1797 354 1806 .
405 1763 595 1806 Pedibus
628 1769 799 1819 terram,
834 1769 1012 1819 pontum
1043 1758 1172 1807 remis
1206 1778 1396 1820 carpere.
1463 1766 1540 1807 Est
1579 1766 1812 1808 artificiosa

407 1837 633 1879 verborum
653 1837 895 1892 collocatio,
920 1851 1031 1891 quae
1054 1851 1082 1878 a
1099 1837 1353 1890 grammatis
1379 1831 1545 1890 χιασμὸς
1568 1838 1813 1892 appellatur

407 1905 569 1962 (Quint.
606 1909 644 1963 9,
682 1909 720 1964 3,
741 1909 796 1950 86
841 1908 1014 1950 nomina
1062 1922 1115 1951 ex
1160 1907 1333 1950 diverso
1378 1906 1622 1961 collocata).
1688 1897 1812 1950 Duae

409 1981 607 2023 notiones
652 1994 759 2023 ase
803 1981 1093 2036 discripantes
1138 1981 1198 2022 ita
1242 1973 1469 2035 ponuntur,
1516 1985 1560 2021 ut
1602 1994 1625 2021 a
1670 1980 1813 2034 priore

406 2053 623 2109 posterior
656 2052 872 2096 contraria
904 2052 1036 2109 priori
1070 2052 1378 2108 proficiscatur.

349 2157 357 2166 .
406 2124 595 2179 Carpere
638 2130 809 2178 terram,
854 2129 1032 2178 pontum
1076 2124 1101 2164 i.
1138 2137 1174 2164 e.
1219 2124 1298 2164 iter
1341 2123 1484 2165 faeere
1516 2130 1644 2176 terra,
1689 2123 1811 2163 mari.

407 2196 485 2240 Ov.
537 2196 635 2240 Met.
691 2196 878 2251 11,752.
944 2195 1063 2238 Mare
1114 2202 1375 2252 carpentem.
1440 2195 1569 2238 Trist.
1626 2196 1810 2250 1‚9,23.

406 2267 525 2311 Pede
558 2281 736 2324 campos
771 2281 963 2323 carpere.
1008 2268 1109 2310 Met.
1145 2269 1302 2321 4,615.
1354 2268 1446 2309 Alis
1481 2282 1582 2310 aera
1618 2281 1810 2322 carpere.

347 2375 355 2383 .
406 2340 503 2383 Non
547 2340 781 2383 immemor.
858 2340 936 2383 Est
979 2339 1122 2383 litotes
1167 2338 1317 2393 figura,
1364 2353 1448 2393 qua
1492 2346 1621 2394 poeta
1668 2345 1814 2381 noster

407 2412 667 2454 contrarium
700 2411 902 2466 negando
937 2412 1089 2453 fortius
1124 2411 1322 2452 affirmat.

866 2520 1021 2611 Prop.
1054 2554 1092 2599 Ι.
1125 2554 1176 2602 Y.

408 2642 505 2684 Tibi
541 2641 737 2684 dicuntur
771 2641 994 2684 Cadmeae
1017 2641 1197 2684 Thebae
1231 2656 1281 2675 τ-
1319 2654 1346 2682 a
1378 2645 1433 2681 te.
1489 2640 1660 2681 Tertius
1685 2653 1812 2682 casus

407 2728 485 2769 pro
519 2714 711 2757 ablativo
736 2728 829 2756 cum
864 2714 1189 2768 praepositione
1225 2710 1335 2768 „affl
1373 2726 1468 2754 raro
1492 2711 1659 2764 legitur.
1726 2710 1812 2752 Cic.

406 2785 534 2828 Tuse.
571 2786 610 2840 4,
636 2786 687 2826 19
719 2785 802 2828 Cui
835 2799 921 2827 non
944 2790 1043 2827 sunt
1071 2784 1247 2827 auditae
1269 2782 1579 2826 Demosthenis
1603 2781 1814 2835 vigiliae?

409 2858 490 2902 Off.
533 2860 571 2914 3,
608 2860 646 2900 9.
712 2859 909 2900 Honesta
957 2858 1082 2900 bonis
1128 2857 1231 2899 viris
1280 2859 1553 2910 quaeruntur.
1646 2856 1816 2898 Similia

1506 2930 1531 2958 τ)

1506 2956 1530 2970 -d
