2062 3127
914 89 1206 135 -126-

257 225 704 277 13,21.Sa1n10nida.
771 226 1057 268 Accusativus
1098 239 1302 279 giaccus,
1347 226 1419 279 qui
1452 226 1496 267 in
1528 226 1674 280 Prop.
1693 226 1860 284 elegiis·

437 296 616 353 saepius
652 297 847 340 occurrit.

258 371 322 424 l3,
346 371 413 411 21.
435 370 617 425 Enipeo.
684 370 764 412 Est
797 370 1034 425 synizesis,
1078 383 1207 424 quam
1240 383 1311 425 ap.
1346 370 1519 426 Ρτ«)Ρ..“
1509 383 1562 411 nr
1584 370 1710 413 tertio
1743 383 1879 416 casu*
1944 353 2018 358 ”

435 447 588 496 quater
617 442 805 497 legimus
840 439 951 497 (IV.-
970 443 1037 485 19.
1066 443 1144 496 133
1180 442 1219 497 7,
1244 442 1325 496 673
1360 443 1399 497 5,
1426 440 1484 497 7).

252 515 322 570 13,
345 515 413 557 21.
434 514 677 558 Haemonio
710 514 920 558 mixtus
956 514 1123 571 Enipeo
1157 506 1400 559 Taenarius
1435 513 1557 559 deus.
1624 514 1718 558 Hoc
1752 528 1847 559 ver·
1906 559 1907 562 ,

431 588 531 630 bum
558 584 905 643 „coniungendi“
925 586 1066 642 finem,
1101 600 1189 642 quo
1211 592 1384 643 spectat
1403 588 1656 643 subiectum,
1691 587 1846 631 dativo

429 659 648 716 exprimit,
699 659 780 703 etsi
825 673 912 703 non
945 664 1011 703 est
1043 659 1331 716 compositum
1363 673 1458 703 cum
1500 657 1851 717 praepositione.

433 732 592 776 Tibull.
616 733 670 775 ΙΙ.
702 735 738 787 1,
763 734 820 774 46
844 733 1020 775 mixta
1049 745 1202 775 securo
1226 737 1292 774 est
1315 732 1465 774 sobria
1486 732 1667 788 lympha
1687 746 1844 775 mero.

435 805 545 846 Plat.
592 805 677 847 Pro
738 805 837 846 346.
878 800 922 845 οὸ
953 799 1079 843 πάντα
1122 799 1246 843 λευκὰ
1291 798 1355 849 οἷς
1399 800 1549 856 μέλανα
1578 802 1633 857 μὴ
1664 800 1848 856 μέμικται

429 876 644 932 (Kriiger,
678 890 741 931 gr.
779 876 969 918 Gramm.
1036 877 1063 927 ξ
1096 876 1166 930 48,
1194 872 1254 930 9.)

254 949 318 1002 13,
341 950 408 990 21.
430 949 646 1003 Flagrans
680 948 834 991 Heben
866 963 922 982 Ξ
956 947 1160 990 ardenter
1202 961 1369 990 amans.
1435 947 1514 989 Est
1556 946 1842 1002 graecismus.

429 1021 537 1064 Stat.
574 1020 677 1064 Silv.
716 1022 820 1075 5,2,
850 1021 945 1063 119.
991 1020 1194 1063 miseram
1238 1019 1459 1074 flagrabat
1505 1019 1694 1073 Elisam,
1744 1018 1769 1061 i.
1806 1031 1842 1061 e.

434 1107 582 1136 amore
616 1092 898 1136 accendebat.
964 1090 1144 1147 (Draeg.
1180 1093 1211 1135 I.
1245 1106 1288 1148 p.
1325 1093 1410 1134 330
1446 1089 1531 1147 sq.)

250 1166 315 1218 13,
338 1167 405 1207 21.
427 1166 651 1208 Salmonis
685 1167 814 1221 Prop.
849 1167 927 1208 ΙΙΙ.
968 1166 1032 1220 17,
1062 1168 1115 1207 13
1150 1166 1273 1208 Hom.
1310 1165 1391 1208 Od.
1426 1165 1503 1207 xl.
1539 1166 1625 1207 235
1659 1178 1751 1220 sqq.

252 1238 316 1290 13,
339 1238 407 1279 24.
429 1237 495 1280 Ab
544 1238 722 1281 Oetaeis
771 1237 904 1293 rogis.
986 1237 1204 1280 Pluralem
1252 1236 1471 1279 nominum
1525 1237 1715 1279 locorum
1763 1250 1842 1292 pro

429 1311 641 1365 singulari
672 1316 831 1365 poetae
864 1324 1172 1364 nonnunquam
1204 1322 1416 1364 usurpare
1449 1310 1603 1352 solent.
1657 1309 1838 1352 Tibull.
1917 1344 1923 1347 .

432 1382 464 1423 Ι.
501 1382 540 1437 3,
567 1383 605 1424 8.
641 1382 843 1438 sepulcra
875 1379 1055 1437 (Draeg.
1090 1379 1135 1434 (ξ
1170 1382 1209 1436 5,
1235 1378 1296 1436 6.)

250 1455 314 1507 13,
336 1453 404 1495 27.
426 1454 460 1496 F
474 1459 643 1497 astus
677 1459 744 1497 est
776 1454 983 1510 pluralis,
1018 1454 1090 1508 qui
1122 1454 1231 1508 I.8,
1271 1455 1323 1495 15
1357 1453 1487 1496 etiam
1520 1453 1687 1508 legitur.
1744 1443 1838 1498 Sin-

424 1526 589 1581 gularis
634 1531 779 1570 exstat
821 1528 853 1569 I.
893 1528 929 1582 l,
956 1528 994 1569 3.
1044 1527 1077 1569 1.
1115 1527 1153 1581 7,
1179 1528 1247 1568 25.
1315 1526 1478 1568 Poetae
1521 1532 1839 1571 consueverunt

426 1601 636 1655 pluralem
685 1600 915 1643 multorum
968 1599 1338 1642 substantivorum
1393 1599 1710 1643 abstractorum
1758 1613 1836 1655 pro

424 1672 635 1726 singulari
667 1685 844 1727 ponere.
909 1672 1006 1713 Tib.
1055 1672 1086 1713 Ι.
1123 1672 1163 1726 8,
1190 1672 1245 1713 75
1290 1670 1445 1713 fastus.
1510 1671 1639 1726 Prop.
1675 1671 1729 1713 II.
1770 1672 1835 1713 19.

426 1745 495 1786 61.
562 1743 641 1787 Ov.
676 1744 778 1787 Met.
819 1745 884 1799 14,
911 1744 1010 1788 461.
1047 1744 1097 1785 A.
1133 1744 1185 1785 A.
1222 1745 1261 1798 2,
1284 1744 1382 1785 241.

244 1817 311 1857 13.
333 1817 383 1858 31
408 1829 472 1870 sq.
508 1817 590 1858 Illa
623 1839 680 1844 —-
713 1816 801 1858 illa.
868 1816 946 1858 Est
978 1815 1178 1870 repetitio
1222 1828 1376 1857 vocum
1420 1815 1464 1856 in
1496 1814 1709 1871 principio
1743 1828 1836 1856 ver-

423 1901 547 1931 suum
580 1893 820 1931 memoratu
854 1887 1001 1942 digna.
1068 1886 1152 1931 Gfr.
1189 1886 1276 1930 Cic.
1312 1887 1432 1930 Verr.
1467 1889 1573 1942 2,*2,
1599 1889 1668 1930 10.

873 2030 1029 2088 Prop.
1062 2030 1101 2086 Ι,
1135 2027 1206 2076 14.

243 2113 309 2166 14,
336 2114 369 2155 1.
421 2111 643 2156 Abiectus.
724 2111 893 2155 Dicitur
940 2111 1135 2155 abiectus
1194 2110 1238 2154 in
1287 2110 1381 2153 loco
1431 2106 1530 2165 (Ov.
1582 2109 1682 2153 Her.
1734 2109 1772 2165 7,
1812 2110 1830 2152 1

424 2185 621 2228 abiectus
655 2185 697 2228 in
731 2184 878 2228 herbis
903 2182 1015 2239 olor)
1050 2189 1092 2227 et
1124 2184 1168 2226 in
1191 2184 1332 2227 locum
1355 2180 1489 2237 (Flor.
1518 2185 1554 2238 1,
1585 2185 1600 2225 l
1634 2182 1835 2227 ‘abiectus

420 2258 463 2300 in
496 2254 813 2314 profluentem).
870 2256 1097 2311 Significat
1129 2255 1244 2298 idem
1269 2255 1386 2310 quod
1418 2251 1662 2308 κατάκειμαι.
1706 2255 1831 2298 Hom.

421 2329 503 2374 Od.
555 2332 621 2373 10.
668 2331 767 2373 352.
812 2330 931 2383 μῆλα,
965 2329 1014 2369 τὰ
1046 2325 1094 2382 δὴ
1126 2320 1325 2369 κατάκειτ’
1357 2318 1594 2383 ἐσφαγμένα.

240 2404 306 2456 14,
334 2405 366 2445 1.
418 2403 656 2446 Occurrunt
689 2417 760 2458 ap.
796 2403 924 2458 Prop.
956 2402 1226 2445 abiectus
1260 2401 1327 2444 bis
1361 2398 1413 2455 (I.
1445 2401 1509 2454 14,
1535 2402 1569 2442 1.
1606 2400 1654 2442 V.
1681 2401 1719 2455 7,
1741 2398 1831 2455 90).

419 2480 584 2518 satus
629 2475 763 2519 semel
807 2471 861 2530 (I.
910 2475 977 2529 14,
1013 2472 1080 2530 5),
1129 2477 1340 2517 tectum
1372 2478 1526 2528 quater
1569 2469 1620 2528 (1.
1661 2474 1727 2528 14,
1765 2474 1830 2516 11.

416 2549 472 2591 11.
509 2549 549 2603 6,
575 2549 644 2591 33.
693 2548 772 2590 111.
809 2549 878 2602 22,
906 2545 986 2602 '1¹3
1022 2548 1103 2601 283
1138 2544 1228 2602 30).

240 2623 306 2676 14,
331 2623 366 2663 l.
418 2619 562 2663 Unda.
618 2619 863 2675 Singularis
887 2615 1088 2674 (ablativi
1111 2617 1215 2675 loci)
1239 2632 1317 2675 pro
1341 2619 1499 2675 plurali
1522 2618 1754 2662 adhibetur
1788 2623 1833 2661 ut
1893 2657 1895 2659 .

421 2690 564 2750 (Tib.)
591 2691 735 2750 Lygd.
772 2694 812 2748 5,
837 2693 906 2735 30.
972 2692 1137 2748 Paneg.
1173 2693 1228 2736 60

239 2767 306 2820 14,
328 2759 366 2807 2.
421 2766 642 2809 Mentoreo
679 2764 804 2808 bibas
838 2778 995 2821 opere3
1030 2770 1096 2807 est
1130 2765 1373 2819 ablativus,
1409 2778 1493 2819 quo
1524 2777 1832 2818 nonnunquam

415 2838 597 2893 iungunt
614 2842 774 2894 poetae
803 2837 885 2880 hoc
912 2837 1106 2893 verbum,
1140 2838 1258 2881 velut
1277 2837 1376 2881 Juv.
1399 2839 1467 2893 10,
1488 2838 1556 2880 25.
1590 2836 1831 2880 Fictilibus.
