2062 3127
790 607 1140 677 Praefatio.

296 887 494 944 Linguae
508 888 694 932 Latinae
706 901 811 931 usus
825 888 983 932 abhinc
1000 888 1179 944 triginta
1191 901 1331 932 annos
1350 888 1550 932 invitavit
1565 888 1753 945 plurima

173 960 393 1004 hominum
425 960 690 1004 literatorum
726 961 883 1017 studia,
932 962 1042 1005 inter
1084 975 1192 1017 quos
1232 966 1333 1004 ante
1374 962 1425 1004 A.
1469 962 1754 1016 Draegerium

173 1024 369 1087 inprimis
397 1030 668 1075 memorandi
690 1038 812 1075 sunt:
835 1033 884 1075 R.
910 1032 1038 1076 Stern
1060 1029 1318 1087 (Grundriss
1343 1034 1461 1076 einer
1483 1033 1758 1076 Grammatik

173 1101 242 1157 ῆι
272 1101 345 1146 die
378 1102 622 1145 rumischen
653 1102 843 1146 Dichter.
882 1102 1029 1158 1851),
1062 1103 1369 1146 Toernebladh
1402 1101 1488 1157 (De
1511 1104 1753 1147 elocutione

124 1175 131 1195 ¹
173 1173 440 1226 Quintiliani.
477 1175 622 1230 1858),
658 1175 707 1218 L.
744 1174 1016 1230 Grasberger
1037 1163 1122 1230 (De
1154 1189 1236 1218 usu
1258 1175 1471 1219 Plinium).
1526 1173 1673 1231 1860),
1706 1174 1754 1218 r.

162 1246 239 1303 .W·
263 1246 418 1290 Holtze
446 1243 675 1303 (Syntaxis
697 1247 936 1304 priscorum
969 1248 1199 1291 latinorum
1234 1260 1371 1303 usque
1404 1247 1461 1290 ad
1494 1248 1755 1291 Terentium.

176 1316 324 1375 1861),
357 1317 663 1363 Badstuebner
695 1313 780 1375 (De
813 1319 1010 1364 Sallustii
1039 1319 1212 1364 dicendi
1244 1332 1405 1375 genere
1436 1319 1754 1363 commentatio.

175 1388 322 1446 1863),
354 1391 404 1433 F.
438 1391 504 1433 W.
539 1391 693 1434 Holtze
716 1389 945 1448 (Syntaxis
968 1392 1257 1435 Lueretianae
1289 1392 1565 1435 lineamenta.
1604 1390 1750 1446 1868),

170 1462 221 1505 L.
238 1462 470 1506 Kuehnast
492 1460 594 1519 (Die
622 1463 935 1520 Hauptpunkte
968 1463 1046 1506 der
1066 1463 1376 1507 Livianischen
1398 1464 1580 1520 Syntax.
1609 1461 1753 1516 1862),

170 1535 256 1579 alii.
335 1535 501 1588 Quibus
554 1537 675 1580 libris
730 1537 919 1591 insignia
972 1536 1223 1580 adiumenta
1275 1541 1427 1579 nactus
1482 1540 1549 1578 est
1602 1534 1754 1578 doctus

169 1607 243 1651 ille
274 1607 553 1664 Draegerius,
588 1608 660 1663 qui
692 1622 806 1652 anno
840 1607 1266 1652 MDCCCLXXVIII
1306 1621 1416 1664 opus
1461 1606 1591 1651 laude
1633 1606 1750 1649 haud

169 1679 394 1734 indignum
442 1680 597 1734 emisit,
645 1679 763 1735 quod
818 1679 1064 1723 inscribitur
1114 1679 1412 1735 „Historische
1460 1678 1629 1734 Syntax
1677 1677 1756 1721 der

169 1752 454 1796 lateinischen
472 1748 708 1808 Sprache.“
751 1751 910 1795 Oritica
927 1766 1023 1795 cum
1041 1751 1279 1795 subtilitate
1295 1762 1529 1808 processus
1547 1749 1751 1806 loquendi

170 1823 510 1879 consuetudinis,
545 1836 675 1878 quam
696 1824 818 1866 multi
851 1824 1085 1879 scriptores
1108 1823 1291 1866 Romani
1317 1823 1453 1866 secuti
1476 1829 1588 1879 sunt,
1622 1834 1752 1878 gene-

86 1898 117 1939 .’
168 1896 295 1939 ratim
328 1901 458 1951 atque
480 1896 681 1940 universe
714 1896 930 1952 exposuit.
994 1897 1038 1938 Is
1072 1900 1216 1939 autem
1239 1895 1426 1951 ingenue
1458 1895 1618 1939 fatetur
1638 1895 1754 1939 illius

168 1968 267 2010 libri
297 1968 571 2023 praefatione
603 1982 689 2010 non
712 1969 914 2022 ignorare
937 1981 986 2010 se
1021 1973 1272 2023 susceptum
1304 1980 1457 2009 munus
1480 1967 1599 2010 haud
1620 1969 1751 2022 plane

8 2052 10 2054 ·
91 2078 105 2083 ,
168 2040 406 2097 perfectum
439 2053 550 2084 esse.
614 2039 881 2084 Desiderant
902 2039 1113 2097 imprimis
1146 2044 1305 2096 poetae
1339 2044 1381 2083 et
1402 2039 1567 2083 Plinius
1600 2039 1751 2094 maior,

168 2117 213 2154 ut
244 2113 305 2155 ait
336 2112 614 2168 Draegerius,
648 2113 836 2155 virorum
869 2111 1134 2154 eruditorum
1168 2125 1314 2153 curam
1346 2116 1389 2153 et
1422 2111 1622 2154 studium.
1688 2112 1754 2154 Ea

167 2198 284 2242 vero,
319 2198 431 2240 quae
454 2185 526 2228 ille
549 2184 720 2228 addidit
752 2180 925 2229 exeunti
964 2184 1239 2241 praefationi,
1274 2189 1398 2228 erant
1430 2184 1750 2228 efficacissima.

167 2256 280 2299 Nam
301 2256 436 2312 multi,
471 2256 544 2312 qui
568 2256 733 2300 artibus
756 2256 1009 2300 liberalibus
1033 2255 1220 2311 student,
1255 2255 1336 2299 hac
1356 2255 1571 2310 Draegeri
1602 2256 1753 2299 cohor-

165 2322 344 2385 tatione,
378 2334 424 2372 ut
455 2342 535 2385 pro
566 2328 730 2372 viribus
764 2326 823 2370 ad
854 2326 961 2370 illud
995 2340 1117 2383 opuS,
1153 2326 1268 2382 quod
1292 2340 1403 2382 quae
1436 2326 1523 2370 sint
1542 2328 1752 2383 cuiusque

168 2399 325 2445 aetatis
359 2406 402 2445 et
423 2398 647 2458 scriptoris
671 2399 840 2457 doceat,
875 2400 1040 2457 optima
1072 2413 1269 2456 quaeque
1303 2404 1346 2442 et
1368 2400 1620 2444 necessaria
1652 2414 1751 2445 con-

167 2472 322 2530 ferant,
356 2473 488 2517 etiam
520 2478 650 2529 atque
683 2474 813 2517 etiam
846 2473 1127 2517 concitantur.

287 2507 358 2590 lid
404 2546 597 2590 carmina
638 2547 837 2603 Properti
880 2545 998 2602 quod
1040 2546 1206 2602 attinet,
1254 2546 1526 2602 praeclaram
1574 2559 1752 2602 operam

167 2619 407 2663 novissime
436 2618 740 2676 impenderunt
781 2619 880 2664 huic
910 2624 1093 2675 poetae:
1138 2619 1242 2662 Luc.
1276 2619 1457 2662 Mueller
1496 2616 1617 2673 (Sex.
1650 2619 1753 2661 Pro-

165 2691 294 2749 pertii
336 2691 518 2747 elegiae.
582 2691 815 2736 Recensuit
862 2692 912 2736 L.
962 2691 1018 2735 M.
1073 2689 1220 2748 1880),
1269 2690 1479 2735 Aemilius
1527 2690 1752 2734 Baehrens

76 2774 81 2777 ’
166 2760 287 2819 (Sex.
332 2764 546 2820 Propertii
589 2764 827 2820 elegiarum
873 2764 973 2807 libri
1015 2765 1087 2807 IV.
1132 2764 1364 2807 Recensuit
1408 2763 1459 2805 A.
1505 2763 1553 2805 B.
1606 2762 1752 2818 1880),

1441 2836 1465 2860 ἃ
