2062 3127
248 215 375 270 1,17.

248 443 375 498 1,17.

247 820 373 870 1,]8.

897 82 1061 124 ...43
1148 105 1193 110 -

425 216 484 259 In
518 230 559 258 m
570 230 596 259 e
630 230 652 259 c
663 230 689 259 o
703 229 732 271 g
743 215 757 258 i
770 220 786 258 t
798 219 855 259 at
877 219 1019 270 artes,
1054 214 1139 259 sic:
1164 215 1333 259 facinus
1356 214 1567 271 cogitaue-
1580 213 1836 271 in2aliq11e1n
1849 221 1852 224 '
1865 246 1868 249 ⁴
1881 235 1890 273 ⁷.
1902 202 2029 241 J‘

426 287 540 331 Ourt.
576 289 616 343 8,
636 288 676 343 6,
696 289 766 330 30.
831 287 1039 330 Similiter
1070 287 1199 343 Prop.
1235 288 1268 330 Ι.
1306 288 1434 343 1,33.
1494 287 1555 339 In<
1581 294 1665 330 me‘
1683 290 1834 331 noctes
1865 309 1869 318 1

427 364 601 403 exercet
633 373 823 403 amaras.

426 443 464 486 N
478 456 544 486 on
587 443 752 487 ullas.
818 444 956 487 Poeta
1004 447 1152 486 noster
1198 441 1416 499 negando,
1465 443 1492 486 i.
1527 456 1565 486 e.
1619 425 1835 500 particula
1900 414 2045 490 ἰ

430 511 571 571 „non“
628 515 951 572 anteponenda,
1014 527 1231 571 persaepe
1285 515 1502 570 siguificat
1554 514 1857 574 contrarium.
1931 519 1951 529 ‘⁹

426 586 597 630 Similia
613 588 816 644 exempla
833 592 1030 631 exsta-nt:
1053 587 1086 629 Ι.
1116 589 1151 640 1,
1173 588 1254 642 263
1282 589 1318 642 1,
1339 586 1419 641 30;
1455 588 1494 643 2,
1515 584 1565 641 73
1599 588 1640 643 4,
1662 586 1730 642 25,
1751 587 1837 641 263

427 661 569 716 4,18;
625 661 767 716 6,35;
821 661 1055 720 6,23,24;
1109 661 1250 714 6‚21;
1305 660 1446 713 8,21;
1495 659 1636 714 9‚23;
1696 658 1834 715 12,73

432 729 1008 789 16,37;18,'18320,14.
1668 744 1676 751 ·

425 819 468 861 Μ
482 831 505 861 e
518 832 559 860 m
572 818 585 860 i
599 818 681 861 nit
702 818 796 860 ire.
842 818 1084 861 infinitivus
1102 823 1204 874 post
1219 817 1501 861 indicativum
1518 817 1639 861 verbi
1663 817 1836 873 „memi-
1895 836 1903 840 -

425 885 572 932 nisse“
593 902 770 945 perraro
790 889 1014 943 scribitur3
1049 889 1112 932 sic
1134 890 1263 944 Verg.
1288 890 1366 933 ecl.
1393 890 1432 944 8,
1461 890 1516 932 88
1540 901 1620 932 nec
1641 885 1836 932 meminit
1892 938 1903 941 ‚,
1946 931 1948 933 .

427 961 654 1006 decedere.

426 1050 465 1092 N
478 1053 621 1092 otas.
687 1047 936 1105 Duodecies
969 1031 1181 1104 reperitur
1212 1047 1295 1090 hoc
1327 1046 1603 1103 participium
1635 1047 1679 1093 in
1702 1048 1834 1104 Prop.
1863 1078 1867 1080 ἡ

425 1121 579 1177 elegiis
612 1118 663 1175 (1.
700 1122 739 1176 6,
766 1122 834 1164 24.
901 1121 957 1163 Π.
994 1121 1032 1174 5,
1057 1121 1096 1163 6.
1161 1120 1238 1162 111.
1275 1119 1344 1174 27,
1365 1120 1446 1173 383
1484 1119 1551 1173 18,
1577 1120 1622 1161 1:
1658 1120 1728 1175 30,
1753 1122 1834 1175 203

426 1194 540 1249 4‚8;
574 1194 644 1248 32,
665 1193 747 1247 283
783 1194 852 1248 20,
874 1194 913 1235 3.
979 1193 1028 1235 v.
1066 1194 1234 1247 1,121;
1270 1192 1308 1247 7,
1329 1192 1410 1244 643
1448 1189 1596 1248 1,26).

274 1312 284 1333 ,
365 1312 375 1321 .
424 1277 736 1322 Deductae.
811 1277 975 1329 Quater
1022 1278 1151 1334 Prop.
1201 1278 1284 1321 hoc
1331 1277 1607 1334 participium
1655 1283 1837 1335 usurpat

424 1349 475 1404 (Ι.
513 1351 642 1406 6,15.
707 1350 785 1394 111.
822 1350 982 1406 31,3s.
1048 1350 1097 1393 v.
1134 1348 1284 1406 3,13).

245 1438 281 1490 1,
303 1437 372 1479 20.
437 1436 626 1479 Labor
672 1435 838 1491 piare
886 1449 945 1478 sc.
1002 1440 1080 1479 est.
1146 1435 1217 1478 Sic
1266 1434 1360 1477 Liv.
1410 1435 1539 1489 39,1,
1560 1436 1599 1477 5.
1666 1435 1835 1492 Capere

423 1508 548 1558 labor
571 1512 676 1551 erat.
713 1506 840 1551 Ovid.
866 1521 905 1550 a.
931 1521 969 1551 a.
1001 1508 1035 1562 l,
1060 1507 1126 1550 17.
1161 1506 1309 1551 Labor
1332 1511 1398 1550 est
1423 1520 1607 1551 exorare
1628 1508 1834 1565 puellam.

246 1596 280 1647 1,
303 1596 372 1635 22.
422 1593 572 1640 Facite
606 1593 848 1648 palleat.
914 1591 1071 1635 Modus
1105 1592 1404 1635 coniunctivus
1449 1592 1544 1635 sine
1579 1598 1653 1649 „ut
1687 1589 1834 1636 finali“

423 1668 526 1720 post
557 1663 737 1708 verbum
771 1663 916 1707 facere
960 1663 1160 1707 omnibus
1193 1663 1465 1720 temporibus
1510 1664 1697 1708 usitatus
1730 1669 1836 1708 erat.

408 1748 678 1791 Crediderim
701 1748 828 1791 vobis
851 1761 986 1804 posse
1009 1748 1154 1791 dicere
1178 1761 1238 1790 sc.
1262 1762 1289 1789 v
1304 1761 1328 1790 o
1345 1761 1376 1790 s.
1437 1749 1554 1791 Rara
1578 1754 1647 1791 est
1668 1749 1836 1806 ellipsis

422 1821 693 1878 pronominis
725 1834 806 1864 vos
840 1821 885 1864 in
918 1825 1132 1864 structura
1164 1820 1365 1865 infinitivi
1399 1835 1495 1866 cum
1528 1822 1795 1867 accusativo.
1873 1857 1875 1859 .

248 1897 282 1948 1,
311 1895 381 1937 25.
431 1895 690 1950 Lapsum.
759 1893 906 1938 Octies
953 1894 1040 1948 legi
1088 1893 1208 1950 apud
1255 1894 1384 1951 Prop.
1434 1895 1517 1939 hoc
1561 1890 1836 1952 participium

245 2113 357 2168 1,27

427 1965 480 2022 (Ι.
517 1969 556 2022 3,
578 1968 661 2022 233
709 1968 748 2023 3,
768 1967 851 2020 453
902 1968 967 2020 13,
989 1967 1027 2010 8.
1092 1968 1169 2010 Ill.
1207 1968 1245 2023 7,
1267 1968 1317 2023 73
1368 1969 1407 2024 7,
1428 1970 1496 2012 20.
1561 1969 1634 2013 IV.
1674 1970 1740 2025 14,
1764 1970 1834 2013 34.

426 2040 476 2082 V.
512 2042 553 2093 4,
568 2037 663 2095 64).

407 2112 697 2155 Patiemur
718 2125 797 2168 pro
822 2111 1033 2167 singulari
1054 2108 1251 2168 „patiar“
1278 2116 1345 2155 est
1366 2112 1548 2169 pluralis
1572 2111 1833 2157 modestiae.

285 2180 520 2228 Pluralis
551 2179 843 2228 modestiae
878 2197 955 2227 sex
989 2184 1153 2227 formas
1187 2184 1305 2240 apud
1338 2185 1610 2240 Propertium
1643 2186 1780 2240 legi:

301 2272 340 2301 a.
360 2257 548 2300 Pluralis
571 2271 670 2313 pro
685 2257 919 2299 nominis
943 2256 1248 2313 personalis
1271 2270 1351 2313 pro
1370 2257 1581 2312 singulari
1598 2258 1836 2302 invenitur:

240 2330 272 2371 Ι.
301 2330 454 2383 10,11.
489 2327 579 2372 Sed
612 2328 817 2383 quoniam
850 2325 938 2370 non
972 2341 1019 2371 es
1053 2328 1217 2371 veritus
1252 2328 1514 2372 concredere
1547 2330 1742 2386 nobis,
1778 2355 1835 2360 -—

362 2403 395 2445 Ι.
443 2402 566 2457 1],5.
602 2401 751 2445 Nostri
783 2416 886 2445 cura
919 2401 1036 2445 subit
1068 2398 1148 2456 (te)
1182 2435 1190 2444 .
1228 2436 1237 2445 .
1273 2435 1282 2444 .
1347 2402 1379 2444 Ι.
1421 2403 1546 2458 12.1,
1568 2404 1607 2446 2.

300 2474 340 2516 b.
360 2474 548 2517 Pluralis
571 2474 932 2530 pronominis
955 2473 1290 2529 possessivi
1315 2466 1394 2529 pro
1419 2474 1628 2529 singulari
1657 2472 1834 2531 „meus“

360 2546 541 2600 legitur:

240 2618 271 2660 1.
319 2618 444 2672 2,31.
481 2621 721 2661 nostrae
755 2616 884 2660 vitae.
919 2642 978 2646 —
1011 2618 1043 2660 Ι.
1084 2620 1150 2674 11,
1175 2619 1241 2674 19,
1263 2620 1331 2661 20.
1370 2617 1506 2661 libelli
1538 2618 1744 2662 nostri.
1779 2644 1837 2649 —-

261 2723 271 2733 .
317 2692 442 2745 3,-21.
477 2695 681 2734 nostra
714 2690 770 2733 de
792 2691 946 2733 fronte.
971 2715 1029 2720 ·—
1052 2692 1084 2733 I.
1120 2693 1160 2745 4,
1181 2692 1251 2746 26,
1272 2692 1340 2734 27.
1367 2704 1515 2733 amore
1537 2704 1603 2734 no
1619 2696 1754 2734 stro.
1778 2717 1836 2722 —

239 2692 257 2733 Ι

238 2764 270 2806 Ι.
318 2764 443 2818 5,]9.
478 2768 719 2809 nostrae
751 2763 938 2819 puellae.
974 2789 1031 2792 —
1064 2764 1096 2806 I.
1135 2764 1173 2818 7,
1195 2764 1263 2806 25.
1299 2763 1494 2806 carmina
1525 2768 1743 2807 nostra.
1778 2789 1831 2795 ——
1897 2768 1907 2773 “

240 2836 257 2877 l

262 2868 270 2878 .
308 2836 346 2877 8.
373 2835 443 2877 30.
479 2835 668 2891 Cynthia
701 2839 925 2879 nostra.
950 2860 1005 2865 —
1030 2836 1063 2880 I.
1103 2836 1169 2891 ll,
1191 2836 1229 2878 8.
1265 2849 1289 2878 e
1312 2834 1534 2879 nostris
1558 2836 1835 2902 carmini-bus.
