2062 3127
227 1008 267 1061 4,
289 1007 345 1049 23

228 1225 267 1277 4,
290 1224 359 1265 27.

259 2321 298 2376 5,
320 2322 358 2364 5.

259 2685 344 2740 5‚7
394 2699 459 2740 sq.
495 2685 735 2729 Occurrunt
767 2685 887 2742 apud
920 2687 1051 2741 Prop.
1096 2685 1352 2729 collatus
1398 2685 1463 2728 bis
1509 2684 1559 2738 (Ι.
1608 2687 1648 2741 5,
1670 2686 1708 2729 7.
1774 2686 1823 2729 V.
1900 2685 1902 2687 ’

879 76 1175 120 -14-

407 208 708 265 comparativo
726 222 823 252 cum
842 208 1082 254 indicativo
1102 209 1343 263 coniuncto,
1367 209 1552 255 refertur
1574 206 1634 253 ad
1655 206 1824 253 subiec-
1961 196 1969 228 ³⁵
2036 208 2060 221 ⁴*

407 286 497 324 tum
530 281 741 325 enuntiati
775 280 1093 325 antecedenti&
1157 261 1408 338 Madvigius
1448 280 1660 327 eiusmodi
1700 281 1823 324 locos

407 353 452 396 in
484 367 664 398 numero
704 344 901 398 locorum
945 353 1087 398 minus
1131 359 1335 399 accurate
1368 355 1627 412 scriptorum
1662 354 1822 409 habet3

407 425 607 470 Halmius
630 430 753 470 notat
787 425 845 469 ad
868 426 1074 475 Roscium
1097 427 1192 470 Am.
1228 428 1269 470 2.
1303 427 1424 471 locos
1446 427 1627 471 huiusce
1647 426 1823 482 generis

406 498 591 543 inveniri
623 500 668 543 in
699 499 917 556 prioribus
953 498 1174 544 Ciceronis
1207 500 1395 557 scriptis.
1448 500 1665 556 Exempla
1696 504 1822 561 sunt:
1907 535 1910 537 .

410 571 724 629 Chrysogonus
740 571 872 632 ‚hunc
904 571 987 615 sibi
1012 585 1066 615 ex
1099 572 1245 615 animo
1269 571 1517 628 scrupulum
1538 570 1614 627 qui
1646 583 1696 615 se
1727 569 1822 614 dies

407 649 644 700 noctesque
687 643 882 689 stimulat
927 658 980 688 ac
1021 645 1198 701 pungit,
1247 649 1294 688 ut
1341 644 1564 700 evellatiS,
1610 640 1822 700 postulat.
1881 701 1884 703 q

410 717 497 760 Cic.
532 718 661 760 Rose.
689 716 785 759 Am.
822 717 859 758 2.
890 740 948 745 ——
970 717 1171 761 Metellus
1193 717 1238 760 in
1265 717 1319 760 iis
1342 717 1536 772 urbibus,
1560 729 1672 772 quae
1694 714 1753 759 ad
1775 728 1825 759 se

410 788 675 844 defecerant,
709 787 937 844 praesidia
968 788 1164 845 imponit.
1199 788 1306 833 Sall.
1339 788 1440 844 Jug.
1475 789 1545 831 61.
1579 812 1638 819 —-
1669 788 1824 832 Patres

409 861 469 905 nil
511 866 689 917 rectum,
735 861 819 904 nisi
853 860 969 915 quod
1012 861 1176 918 placuit
1220 861 1317 918 sibi,
1362 860 1536 905 ducunt.
1602 860 1706 904 Hor,
1740 860 1819 918 Ep.

409 934 465 977 II.
503 934 543 989 1,
562 934 634 977 83.
1741 988 1744 990 v

410 1020 474 1061 sq.
539 1006 694 1049 Nullas
727 1006 804 1050 illa
845 1007 935 1050 suis
969 1012 1215 1051 contemnet
1246 1007 1419 1050 fletibus
1453 1020 1569 1063 aras,
1614 1007 1679 1050 Et
1711 1007 1824 1063 qui-

411 1093 643 1134 cumque
677 1093 869 1135 sacer,
904 1079 1059 1135 qualis,
1094 1079 1267 1136 ubique,
1291 1080 1419 1136 lapis.
1454 1080 1533 1123 Est
1560 1075 1826 1121 ἀνακολουθία

409 1156 503 1194 tota
535 1152 766 1195 sententia.
1657 1150 1660 1152 ’

409 1223 588 1265 Maneat
611 1222 673 1265 sic
698 1236 882 1279 semper,
918 1222 1068 1266 adoro.
1126 1223 1399 1269 Parataotieo
1424 1222 1576 1266 ordine
1599 1223 1823 1266 enuntiata

409 1296 527 1339 velut
560 1295 671 1338 alias
705 1297 884 1339 verbum
921 1293 1141 1352 „quaeso“
1177 1296 1423 1350 iunguntur.

872 1486 1029 1544 Prop.
1060 1486 1098 1531 Ι.
1133 1487 1187 1534 5.

409 1597 698 1652 Interrogatio
733 1597 1051 1652 obiurgationis
1084 1598 1229 1652 plena.
1264 1597 1330 1639 W.

408 1667 555 1720 Quid
597 1670 706 1714 tibi
750 1670 871 1714 vis?
914 1670 1035 1713 Haec
1075 1668 1430 1723 interrogationis
1474 1668 1660 1713 formula
1703 1668 1818 1725 (cum

410 1741 559 1785 dativo
592 1741 754 1798 ethico)
787 1743 855 1786 bis
890 1742 1048 1797 legitur
1081 1740 1199 1798 apud
1231 1741 1427 1798 Propert.
1495 1742 1562 1785 1V.
1600 1744 1728 1797 2,15.

410 1814 676 1858 Furores.
745 1816 838 1859 Hoc
880 1814 1040 1872 plurali
1087 1818 1247 1870 poetae
1291 1813 1477 1858 libenter
1518 1814 1580 1858 uti
1622 1813 1825 1858 videntur

409 1892 594 1930 exeunte
612 1901 744 1931 versu
760 1888 885 1930 metri
902 1887 1167 1930 necessitate
1189 1885 1381 1942 adducti,
1405 1887 1524 1930 velut
1546 1886 1640 1929 Cat.
1658 1887 1728 1942 64,
1749 1887 1818 1929 53.

412 1958 652 2003 Indomitos
706 1959 751 2003 in
804 1958 936 2003 corde
989 1972 1146 2014 gerens
1200 1958 1398 2002 Ariadna
1446 1958 1628 2003 furores.
1693 1957 1821 2003 ovid.

410 2032 512 2075 Met.
547 2030 600 2074 Il.
636 2033 675 2087 6,
696 2033 767 2075 40.
832 2030 1058 2075 Fatidicos
1093 2032 1292 2087 concepit
1323 2036 1469 2074 mente
1500 2031 1683 2074 furores.

410 2104 683 2160 Vestigia
720 2104 887 2149 ferre.
954 2103 1029 2148 Sil.
1078 2104 1239 2159 9,101.
1304 2104 1504 2160 Vestigia
1546 2102 1671 2160 ferre,
1715 2104 1742 2147 i.
1786 2117 1822 2148 e.

411 2176 490 2220 ire.-
553 2176 760 2222 Similiter
816 2176 892 2221 Sil.
951 2177 1112 2232 3‚180.
1167 2175 1232 2219 fer
1285 2176 1425 2232 agiles
1479 2190 1673 2233 gressus.
1747 2176 1822 2221 Sil.

414 2251 454 2305 9,
477 2250 577 2292 243.
645 2250 796 2305 Vagos
830 2250 942 2293 ferre
965 2250 1141 2292 cursus.

414 2321 595 2376 Ignes.
661 2321 742 2365 Hic
785 2321 966 2378 pluralis
1001 2326 1156 2377 quater
1198 2321 1243 2364 in
1285 2321 1424 2378 primo
1468 2321 1577 2366 libro
1624 2322 1820 2378 occurrit,

409 2398 475 2436 ter
498 2398 683 2438 exeunte
705 2406 836 2437 versu
859 2390 910 2448 (I.
946 2395 985 2450 6,
1007 2395 1057 2449 73
1094 2396 1162 2450 11,
1183 2394 1233 2448 73
1271 2395 1338 2450 15,
1357 2392 1446 2451 2‘1).
1495 2395 1660 2439 Poetae
1692 2395 1824 2450 signi-

408 2466 540 2509 ficant
556 2466 716 2523 plurali
730 2466 934 2523 furorem,
958 2467 1173 2510 internam
1190 2466 1278 2509 vim
1293 2466 1549 2523 agitantem,
1561 2467 1823 2524 saepissime

409 2539 572 2584 amoris
608 2538 813 2583 ardorem
852 2539 972 2583 velut
1000 2538 1294 2584 Callimachus
1328 2553 1436 2584 voce
1469 2539 1547 2595 πῦρ
1578 2539 1660 2585 hoc
1693 2553 1826 2593 sensu

411 2612 556 2657 utitur.

414 2754 590 2814 11‚89),
624 2761 812 2801 votum
846 2755 1130 2801 duodevicies
1155 2754 1276 2813 (¹⁷93
1315 2758 1454 2813 10,4;
1493 2758 1559 2813 16,
1580 2758 1661 2813 443
1698 2758 1822 2815 17,4.

410 2830 461 2872 11.
499 2831 538 2885 9,
556 2831 625 2873 25.
679 2830 949 2886 111.12,18;
985 2832 1055 2885 20,
1076 2831 1156 2885 233
1183 2831 1253 2885 22,
1274 2830 1342 2873 29.
1397 2830 1466 2872 lv.
1509 2831 1544 2884 1,
1565 2829 1650 2884 383
1685 2831 1724 2886 2,
1748 2831 1826 2883 103
